<?xml version="1.0" encoding="UTF-8"?>
<!DOCTYPE html PUBLIC "-//W3C//DTD XHTML 1.0 Transitional//EN"
    "http://www.w3.org/TR/xhtml1/DTD/xhtml1-transitional.dtd">
<html xmlns="http://www.w3.org/1999/xhtml" xml:lang="en" lang="en">
 <head>
  <title>
</title>
<meta http-equiv="Content-Type" content="text/html;charset=utf-8" />
  <meta name='ocr-system' content='tesseract 3.04.00' />
  <meta name='ocr-capabilities' content='ocr_page ocr_carea ocr_par ocr_line ocrx_word'/>
</head>
<body>
  <div class='ocr_page' id='page_1' title='image "./floraatlanticasi02desf_0404.png"; bbox 0 0 2419 3212; ppageno 0'>
   <div class='ocr_carea' id='block_1_1' title="bbox 566 257 1909 319">
    <p class='ocr_par' dir='ltr' id='par_1_1' title="bbox 566 257 1909 319">
     <span class='ocr_line' id='line_1_1' title="bbox 566 257 1909 319; baseline -0.01 -14"><span class='ocrx_word' id='word_1_1' title='bbox 566 260 670 319; x_wconf 75' lang='lat'>394</span> <span class='ocrx_word' id='word_1_2' title='bbox 866 258 1401 298; x_wconf 81' lang='lat' dir='ltr'><strong>POLYGAMIA</strong></span> <span class='ocrx_word' id='word_1_3' title='bbox 1497 257 1909 293; x_wconf 84' lang='lat' dir='ltr'><strong>DIOECIA.</strong></span> 
     </span>
    </p>
   </div>
   <div class='ocr_carea' id='block_1_2' title="bbox 570 353 2228 719">
    <p class='ocr_par' dir='ltr' id='par_1_2' title="bbox 570 353 2228 719">
     <span class='ocr_line' id='line_1_2' title="bbox 570 353 2220 407; baseline -0.006 -4"><span class='ocrx_word' id='word_1_4' title='bbox 570 367 699 403; x_wconf 86' lang='lat' dir='ltr'>Flores</span> <span class='ocrx_word' id='word_1_5' title='bbox 724 361 922 403; x_wconf 75' lang='lat' dir='ltr'>axillares,</span> <span class='ocrx_word' id='word_1_6' title='bbox 948 357 1112 396; x_wconf 85' lang='lat' dir='ltr'>solitarii</span> <span class='ocrx_word' id='word_1_7' title='bbox 1138 366 1204 395; x_wconf 83' lang='lat' dir='ltr'>aut</span> <span class='ocrx_word' id='word_1_8' title='bbox 1235 356 1387 407; x_wconf 78' lang='lat' dir='ltr'>plures,</span> <span class='ocrx_word' id='word_1_9' title='bbox 1407 353 1628 406; x_wconf 79' lang='lat' dir='ltr'>pedicellati</span> <span class='ocrx_word' id='word_1_10' title='bbox 1645 384 1653 398; x_wconf 94' lang='lat'>‚</span> <span class='ocrx_word' id='word_1_11' title='bbox 1676 353 1717 390; x_wconf 92' lang='lat' dir='ltr'>in</span> <span class='ocrx_word' id='word_1_12' title='bbox 1745 353 1960 404; x_wconf 86' lang='lat' dir='ltr'>capitulum</span> <span class='ocrx_word' id='word_1_13' title='bbox 1983 355 2220 400; x_wconf 84' lang='lat' dir='ltr'>rotundum,</span> 
     </span>
     <span class='ocr_line' id='line_1_3' title="bbox 571 414 2220 472; baseline -0.005 -9"><span class='ocrx_word' id='word_1_14' title='bbox 571 428 737 464; x_wconf 82' lang='lat' dir='ltr'>densum</span> <span class='ocrx_word' id='word_1_15' title='bbox 760 420 966 472; x_wconf 77' lang='lat' dir='ltr'>aggregati.</span> <span class='ocrx_word' id='word_1_16' title='bbox 996 419 1120 469; x_wconf 77' lang='lat' dir='ltr'>Calyx</span> <span class='ocrx_word' id='word_1_17' title='bbox 1157 416 1313 466; x_wconf 82' lang='lat' dir='ltr'>exiguus</span> <span class='ocrx_word' id='word_1_18' title='bbox 1339 446 1347 460; x_wconf 93' lang='lat'>,</span> <span class='ocrx_word' id='word_1_19' title='bbox 1385 414 1609 453; x_wconf 80' lang='lat' dir='ltr'>turbinatus</span> <span class='ocrx_word' id='word_1_20' title='bbox 1629 445 1637 459; x_wconf 92' lang='lat'>‚</span> <span class='ocrx_word' id='word_1_21' title='bbox 1666 427 1732 452; x_wconf 81' lang='lat' dir='ltr'>sex</span> <span class='ocrx_word' id='word_1_22' title='bbox 1768 425 1833 452; x_wconf 85' lang='lat' dir='ltr'>aut</span> <span class='ocrx_word' id='word_1_23' title='bbox 1874 415 2220 466; x_wconf 83' lang='lat' dir='ltr'>septemdentatus.</span> 
     </span>
     <span class='ocr_line' id='line_1_4' title="bbox 574 475 2225 528; baseline -0.005 -5"><span class='ocrx_word' id='word_1_24' title='bbox 574 486 734 526; x_wconf 68' lang='lat' dir='ltr'>Cor-olla</span> <span class='ocrx_word' id='word_1_25' title='bbox 768 483 887 520; x_wconf 79' lang='lat' dir='ltr'>nulla.</span> <span class='ocrx_word' id='word_1_26' title='bbox 920 480 1092 518; x_wconf 77' lang='lat' dir='ltr'>Stamina</span> <span class='ocrx_word' id='word_1_27' title='bbox 1127 491 1365 521; x_wconf 83' lang='lat' dir='ltr'>numerosa,</span> <span class='ocrx_word' id='word_1_28' title='bbox 1400 490 1549 515; x_wconf 84' lang='lat' dir='ltr'>crocea.</span> <span class='ocrx_word' id='word_1_29' title='bbox 1582 476 1706 528; x_wconf 90' lang='lat' dir='ltr'>Stylus</span> <span class='ocrx_word' id='word_1_30' title='bbox 1732 475 1923 528; x_wconf 78' lang='lat' dir='ltr'>capillatis</span> <span class='ocrx_word' id='word_1_31' title='bbox 1943 507 1951 520; x_wconf 88' lang='lat'>‚</span> <span class='ocrx_word' id='word_1_32' title='bbox 1980 475 2225 525; x_wconf 77' lang='lat' dir='ltr'>longitudine</span> 
     </span>
     <span class='ocr_line' id='line_1_5' title="bbox 573 537 2226 589; baseline -0.007 -5"><span class='ocrx_word' id='word_1_33' title='bbox 573 549 651 585; x_wconf 85' lang='lat' dir='ltr'>sere</span> <span class='ocrx_word' id='word_1_34' title='bbox 676 543 898 582; x_wconf 81' lang='lat' dir='ltr'>staminum.</span> <span class='ocrx_word' id='word_1_35' title='bbox 933 542 1107 579; x_wconf 89' lang='lat' dir='ltr'>Germen</span> <span class='ocrx_word' id='word_1_36' title='bbox 1133 539 1273 589; x_wconf 77' lang='lat' dir='ltr'>gracile</span> <span class='ocrx_word' id='word_1_37' title='bbox 1298 569 1306 583; x_wconf 88' lang='lat'>‚</span> <span class='ocrx_word' id='word_1_38' title='bbox 1342 539 1575 588; x_wconf 80' lang='lat' dir='ltr'>oblongum.</span> <span class='ocrx_word' id='word_1_39' title='bbox 1613 538 1814 587; x_wconf 82' lang='lat' dir='ltr'>Legumen</span> <span class='ocrx_word' id='word_1_40' title='bbox 1853 537 2029 575; x_wconf 76' lang='lat' dir='ltr'>striatum</span> <span class='ocrx_word' id='word_1_41' title='bbox 2049 567 2057 580; x_wconf 82' lang='grc'>,</span> <span class='ocrx_word' id='word_1_42' title='bbox 2096 547 2193 574; x_wconf 82' lang='lat' dir='ltr'>teres</span> <span class='ocrx_word' id='word_1_43' title='bbox 2218 569 2226 581; x_wconf 85' lang='lat'>‚</span> 
     </span>
     <span class='ocr_line' id='line_1_6' title="bbox 574 597 2228 649; baseline -0.007 -4"><span class='ocrx_word' id='word_1_44' title='bbox 574 618 773 646; x_wconf 77' lang='lat' dir='ltr'>arcuatum</span> <span class='ocrx_word' id='word_1_45' title='bbox 791 635 798 649; x_wconf 78' lang='lat'>,</span> <span class='ocrx_word' id='word_1_46' title='bbox 820 605 972 641; x_wconf 87' lang='lat' dir='ltr'>fuscum</span> <span class='ocrx_word' id='word_1_47' title='bbox 986 633 994 646; x_wconf 80' lang='lat'>‚</span> <span class='ocrx_word' id='word_1_48' title='bbox 1016 600 1186 638; x_wconf 81' lang='lat' dir='ltr'>crassitie</span> <span class='ocrx_word' id='word_1_49' title='bbox 1209 610 1246 636; x_wconf 84' lang='lat' dir='ltr'>et</span> <span class='ocrx_word' id='word_1_50' title='bbox 1261 599 1509 649; x_wconf 80' lang='lat' dir='ltr'>longitudine</span> <span class='ocrx_word' id='word_1_51' title='bbox 1528 599 1681 636; x_wconf 87' lang='lat' dir='ltr'>minimi</span> <span class='ocrx_word' id='word_1_52' title='bbox 1700 599 1821 648; x_wconf 82' lang='lat' dir='ltr'>digiti.</span> <span class='ocrx_word' id='word_1_53' title='bbox 1855 599 2012 637; x_wconf 80' lang='lat' dir='ltr'>Semina</span> <span class='ocrx_word' id='word_1_54' title='bbox 2035 597 2228 647; x_wconf 80' lang='lat' dir='ltr'>oblonga,</span> 
     </span>
     <span class='ocr_line' id='line_1_7' title="bbox 575 661 2227 719; baseline -0.005 -14"><span class='ocrx_word' id='word_1_55' title='bbox 575 679 812 719; x_wconf 77' lang='lat' dir='ltr'>compressa.</span> <span class='ocrx_word' id='word_1_56' title='bbox 837 664 921 701; x_wconf 84' lang='lat' dir='ltr'>Flos</span> <span class='ocrx_word' id='word_1_57' title='bbox 944 661 1242 700; x_wconf 82' lang='lat' dir='ltr'>odoratissimus</span> <span class='ocrx_word' id='word_1_58' title='bbox 1260 675 1270 706; x_wconf 68' lang='grc' dir='ltr'><strong>ς</strong></span> <span class='ocrx_word' id='word_1_59' title='bbox 1288 661 1501 699; x_wconf 75' lang='lat' dir='ltr'>exsiccatus</span> <span class='ocrx_word' id='word_1_60' title='bbox 1519 671 1555 698; x_wconf 84' lang='lat' dir='ltr'>et</span> <span class='ocrx_word' id='word_1_61' title='bbox 1577 661 1617 698; x_wconf 92' lang='lat' dir='ltr'>in</span> <span class='ocrx_word' id='word_1_62' title='bbox 1639 661 1873 699; x_wconf 88' lang='lat' dir='ltr'>vestimentis</span> <span class='ocrx_word' id='word_1_63' title='bbox 1896 674 2050 713; x_wconf 83' lang='lat' dir='ltr'>sparsus</span> <span class='ocrx_word' id='word_1_64' title='bbox 2079 673 2227 697; x_wconf 86' lang='lat' dir='ltr'>vermes</span> 
     </span>
    </p>
   </div>
   <div class='ocr_carea' id='block_1_3' title="bbox 575 721 2228 839">
    <p class='ocr_par' dir='ltr' id='par_1_3' title="bbox 575 721 2228 839">
     <span class='ocr_line' id='line_1_8' title="bbox 577 721 2228 780; baseline -0.005 -13"><span class='ocrx_word' id='word_1_65' title='bbox 577 730 682 780; x_wconf 78' lang='lat' dir='ltr'>sugat</span> <span class='ocrx_word' id='word_1_66' title='bbox 702 744 711 774; x_wconf 68' lang='grc' dir='ltr'><strong>ς</strong></span> <span class='ocrx_word' id='word_1_67' title='bbox 737 741 782 765; x_wconf 84' lang='lat' dir='ltr'>ex</span> <span class='ocrx_word' id='word_1_68' title='bbox 803 740 850 764; x_wconf 91' lang='lat' dir='ltr'>eo</span> <span class='ocrx_word' id='word_1_69' title='bbox 870 735 1072 776; x_wconf 79' lang='lat' dir='ltr'>unguenta</span> <span class='ocrx_word' id='word_1_70' title='bbox 1096 733 1306 775; x_wconf 79' lang='lat' dir='ltr'>parantur,</span> <span class='ocrx_word' id='word_1_71' title='bbox 1332 735 1368 762; x_wconf 81' lang='lat' dir='ltr'>et</span> <span class='ocrx_word' id='word_1_72' title='bbox 1390 723 1541 776; x_wconf 88' lang='lat' dir='ltr'>pulveri</span> <span class='ocrx_word' id='word_1_73' title='bbox 1564 723 1710 775; x_wconf 81' lang='lat' dir='ltr'>capillis</span> <span class='ocrx_word' id='word_1_74' title='bbox 1739 722 2014 775; x_wconf 81' lang='lat' dir='ltr'>inspergendis</span> <span class='ocrx_word' id='word_1_75' title='bbox 2033 721 2228 760; x_wconf 86' lang='lat' dir='ltr'>immixtus</span> 
     </span>
     <span class='ocr_line' id='line_1_9' title="bbox 575 786 1247 839; baseline -0.009 -11"><span class='ocrx_word' id='word_1_76' title='bbox 575 790 844 829; x_wconf 74' lang='lat' dir='ltr'>suavissimum</span> <span class='ocrx_word' id='word_1_77' title='bbox 866 786 1039 839; x_wconf 87' lang='lat' dir='ltr'>impertit</span> <span class='ocrx_word' id='word_1_78' title='bbox 1065 786 1247 823; x_wconf 86' lang='lat' dir='ltr'>odorem.</span> 
     </span>
    </p>
   </div>
   <div class='ocr_carea' id='block_1_4' title="bbox 635 872 1147 916">
    <p class='ocr_par' dir='ltr' id='par_1_4' title="bbox 635 872 1147 916">
     <span class='ocr_line' id='line_1_10' title="bbox 635 872 1147 916; baseline -0.002 -2"><span class='ocrx_word' id='word_1_79' title='bbox 635 879 839 916; x_wconf 77' lang='lat' dir='ltr'>COLITUR</span> <span class='ocrx_word' id='word_1_80' title='bbox 868 876 908 913; x_wconf 91' lang='lat' dir='ltr'>in</span> <span class='ocrx_word' id='word_1_81' title='bbox 935 874 1075 912; x_wconf 87' lang='lat' dir='ltr'>hortis.</span> <span class='ocrx_word' id='word_1_82' title='bbox 1122 872 1147 913; x_wconf 74' lang='grc' dir='ltr'>Β</span> 
     </span>
    </p>
   </div>
   <div class='ocr_carea' id='block_1_5' title="bbox 968 1101 1850 1162">
    <p class='ocr_par' dir='ltr' id='par_1_5' title="bbox 968 1101 1850 1162">
     <span class='ocr_line' id='line_1_11' title="bbox 968 1101 1850 1162; baseline -0.005 0"><span class='ocrx_word' id='word_1_83' title='bbox 968 1101 1850 1162; x_wconf 87' lang='lat' dir='ltr'><strong>DIOECIA.</strong></span> 
     </span>
    </p>
   </div>
   <div class='ocr_carea' id='block_1_6' title="bbox 1098 1342 1705 1391">
    <p class='ocr_par' dir='ltr' id='par_1_6' title="bbox 1098 1342 1705 1391">
     <span class='ocr_line' id='line_1_12' title="bbox 1098 1342 1705 1391; baseline -0.003 0"><span class='ocrx_word' id='word_1_84' title='bbox 1098 1342 1705 1391; x_wconf 89' lang='lat' dir='ltr'><strong>FRAXINUS.</strong></span> 
     </span>
    </p>
   </div>
   <div class='ocr_carea' id='block_1_7' title="bbox 575 1496 2229 1829">
    <p class='ocr_par' dir='ltr' id='par_1_7' title="bbox 575 1496 2229 1829">
     <span class='ocr_line' id='line_1_13' title="bbox 640 1496 2229 1558; baseline -0.006 -12"><span class='ocrx_word' id='word_1_85' title='bbox 640 1507 819 1546; x_wconf 82' lang='lat' dir='ltr'>FLORES</span> <span class='ocrx_word' id='word_1_86' title='bbox 851 1502 1071 1558; x_wconf 81' lang='lat' dir='ltr'>polygami</span> <span class='ocrx_word' id='word_1_87' title='bbox 1104 1512 1177 1541; x_wconf 87' lang='lat' dir='ltr'>aut</span> <span class='ocrx_word' id='word_1_88' title='bbox 1209 1499 1576 1555; x_wconf 82' lang='lat' dir='ltr'>hermaphroditi.</span> <span class='ocrx_word' id='word_1_89' title='bbox 1626 1499 1760 1553; x_wconf 80' lang='lat' dir='ltr'>Calyx</span> <span class='ocrx_word' id='word_1_90' title='bbox 1785 1499 1930 1540; x_wconf 89' lang='lat' dir='ltr'>nullus</span> <span class='ocrx_word' id='word_1_91' title='bbox 1960 1498 2028 1538; x_wconf 88' lang='lat' dir='ltr'>vel</span> <span class='ocrx_word' id='word_1_92' title='bbox 2054 1496 2229 1550; x_wconf 79' lang='lat' dir='ltr'>quadri-</span> 
     </span>
     <span class='ocr_line' id='line_1_14' title="bbox 579 1564 2228 1629; baseline -0.007 -15"><span class='ocrx_word' id='word_1_93' title='bbox 579 1574 783 1629; x_wconf 77' lang='lat' dir='ltr'>partitus,</span> <span class='ocrx_word' id='word_1_94' title='bbox 807 1572 1031 1611; x_wconf 85' lang='lat' dir='ltr'>minimus.</span> <span class='ocrx_word' id='word_1_95' title='bbox 1079 1569 1261 1611; x_wconf 78' lang='lat' dir='ltr'>Corolla</span> <span class='ocrx_word' id='word_1_96' title='bbox 1287 1569 1407 1608; x_wconf 82' lang='lat' dir='ltr'>nulla</span> <span class='ocrx_word' id='word_1_97' title='bbox 1441 1579 1513 1609; x_wconf 81' lang='lat' dir='ltr'>aut</span> <span class='ocrx_word' id='word_1_98' title='bbox 1550 1568 1803 1621; x_wconf 77' lang='lat' dir='ltr'>tetrapetala</span> <span class='ocrx_word' id='word_1_99' title='bbox 1829 1584 1838 1615; x_wconf 78' lang='lat'>3</span> <span class='ocrx_word' id='word_1_100' title='bbox 1876 1566 2029 1621; x_wconf 80' lang='lat' dir='ltr'>petalis</span> <span class='ocrx_word' id='word_1_101' title='bbox 2061 1564 2200 1617; x_wconf 80' lang='lat' dir='ltr'>longis</span> <span class='ocrx_word' id='word_1_102' title='bbox 2220 1596 2228 1610; x_wconf 79' lang='grc'><em>,</em></span> 
     </span>
     <span class='ocr_line' id='line_1_15' title="bbox 578 1636 2229 1695; baseline -0.006 -14"><span class='ocrx_word' id='word_1_103' title='bbox 578 1641 766 1695; x_wconf 82' lang='lat' dir='ltr'>angustis</span> <span class='ocrx_word' id='word_1_104' title='bbox 781 1673 790 1688; x_wconf 53' lang='lat'>7</span> <span class='ocrx_word' id='word_1_105' title='bbox 809 1638 1061 1679; x_wconf 79' lang='lat' dir='ltr'>linearibus.</span> <span class='ocrx_word' id='word_1_106' title='bbox 1097 1637 1288 1678; x_wconf 80' lang='lat' dir='ltr'>Stamina</span> <span class='ocrx_word' id='word_1_107' title='bbox 1306 1636 1412 1677; x_wconf 90' lang='lat' dir='ltr'>duo.</span> <span class='ocrx_word' id='word_1_108' title='bbox 1441 1637 1637 1676; x_wconf 90' lang='lat' dir='ltr'>Germen</span> <span class='ocrx_word' id='word_1_109' title='bbox 1655 1649 1866 1690; x_wconf 89' lang='lat' dir='ltr'>superum</span> <span class='ocrx_word' id='word_1_110' title='bbox 1881 1668 1889 1682; x_wconf 76' lang='lat'>‚</span> <span class='ocrx_word' id='word_1_111' title='bbox 1908 1645 2229 1687; x_wconf 87' lang='lat' dir='ltr'>compressum.</span> 
     </span>
     <span class='ocr_line' id='line_1_16' title="bbox 575 1702 2229 1762; baseline -0.005 -14"><span class='ocrx_word' id='word_1_112' title='bbox 575 1709 715 1762; x_wconf 86' lang='lat' dir='ltr'>Stylus</span> <span class='ocrx_word' id='word_1_113' title='bbox 749 1721 878 1748; x_wconf 89' lang='lat' dir='ltr'>unus.</span> <span class='ocrx_word' id='word_1_114' title='bbox 932 1707 1091 1760; x_wconf 80' lang='lat' dir='ltr'>Stigma</span> <span class='ocrx_word' id='word_1_115' title='bbox 1125 1704 1330 1745; x_wconf 85' lang='lat' dir='ltr'>bifidum.</span> <span class='ocrx_word' id='word_1_116' title='bbox 1383 1704 1682 1759; x_wconf 82' lang='lat' dir='ltr'>Pericarpium</span> <span class='ocrx_word' id='word_1_117' title='bbox 1720 1705 1901 1758; x_wconf 80' lang='lat' dir='ltr'>planum</span> <span class='ocrx_word' id='word_1_118' title='bbox 1925 1735 1933 1749; x_wconf 81' lang='grc'><em>,</em></span> <span class='ocrx_word' id='word_1_119' title='bbox 1970 1702 2229 1755; x_wconf 68' lang='lat' dir='ltr'>figulatum,</span> 
     </span>
     <span class='ocr_line' id='line_1_17' title="bbox 578 1771 2165 1829; baseline -0.006 -13"><span class='ocrx_word' id='word_1_120' title='bbox 578 1776 830 1816; x_wconf 81' lang='lat' dir='ltr'>coriaceum</span> <span class='ocrx_word' id='word_1_121' title='bbox 851 1809 859 1822; x_wconf 63' lang='lat'><em>⁷</em></span> <span class='ocrx_word' id='word_1_122' title='bbox 887 1788 1076 1829; x_wconf 87' lang='lat' dir='ltr'>superne</span> <span class='ocrx_word' id='word_1_123' title='bbox 1101 1773 1338 1813; x_wconf 76' lang='lat' dir='ltr'>foliaceum</span> <span class='ocrx_word' id='word_1_124' title='bbox 1354 1807 1362 1820; x_wconf 80' lang='grc'><em>,</em></span> <span class='ocrx_word' id='word_1_125' title='bbox 1389 1774 1534 1813; x_wconf 84' lang='lat' dir='ltr'>evalve</span> <span class='ocrx_word' id='word_1_126' title='bbox 1551 1805 1560 1819; x_wconf 66' lang='lat'>,</span> <span class='ocrx_word' id='word_1_127' title='bbox 1583 1771 1752 1812; x_wconf 86' lang='lat' dir='ltr'>inferne</span> <span class='ocrx_word' id='word_1_128' title='bbox 1780 1782 2165 1824; x_wconf 88' lang='lat' dir='ltr'>monospermum.</span> 
     </span>
    </p>
   </div>
   <div class='ocr_carea' id='block_1_8' title="bbox 577 1862 2230 1984">
    <p class='ocr_par' dir='ltr' id='par_1_8' title="bbox 577 1862 2230 1984">
     <span class='ocr_line' id='line_1_18' title="bbox 633 1862 2230 1918; baseline -0.006 -10"><span class='ocrx_word' id='word_1_129' title='bbox 633 1872 702 1909; x_wconf 58' lang='lat' dir='ltr'>N2.</span> <span class='ocrx_word' id='word_1_130' title='bbox 739 1872 933 1908; x_wconf 78' lang='lat' dir='ltr'>CAULIS</span> <span class='ocrx_word' id='word_1_131' title='bbox 968 1869 1235 1907; x_wconf 83' lang='lat' dir='ltr'>arborescens.</span> <span class='ocrx_word' id='word_1_132' title='bbox 1279 1870 1428 1906; x_wconf 84' lang='lat' dir='ltr'>Cortex</span> <span class='ocrx_word' id='word_1_133' title='bbox 1457 1867 1496 1904; x_wconf 87' lang='lat' dir='ltr'>in</span> <span class='ocrx_word' id='word_1_134' title='bbox 1526 1867 1640 1904; x_wconf 85' lang='lat' dir='ltr'>ramis</span> <span class='ocrx_word' id='word_1_135' title='bbox 1663 1866 1889 1918; x_wconf 88' lang='lat' dir='ltr'>junioribus</span> <span class='ocrx_word' id='word_1_136' title='bbox 1920 1864 2046 1907; x_wconf 81' lang='lat' dir='ltr'>laevis,</span> <span class='ocrx_word' id='word_1_137' title='bbox 2070 1862 2230 1913; x_wconf 82' lang='lat' dir='ltr'>griseus.</span> 
     </span>
     <span class='ocr_line' id='line_1_19' title="bbox 577 1927 1996 1984; baseline -0.006 -13"><span class='ocrx_word' id='word_1_138' title='bbox 577 1933 682 1971; x_wconf 79' lang='lat' dir='ltr'>Folia</span> <span class='ocrx_word' id='word_1_139' title='bbox 712 1932 895 1984; x_wconf 79' lang='lat' dir='ltr'>opposita</span> <span class='ocrx_word' id='word_1_140' title='bbox 922 1930 1260 1982; x_wconf 77' lang='lat' dir='ltr'>impari-pinnata.</span> <span class='ocrx_word' id='word_1_141' title='bbox 1296 1929 1467 1980; x_wconf 79' lang='lat' dir='ltr'>Capsula</span> <span class='ocrx_word' id='word_1_142' title='bbox 1492 1927 1726 1966; x_wconf 80' lang='lat' dir='ltr'>bilocularis.</span> <span class='ocrx_word' id='word_1_143' title='bbox 1765 1927 1996 1964; x_wconf 75' lang='lat' dir='ltr'><strong>GAERTNER.</strong></span> 
     </span>
    </p>
   </div>
   <div class='ocr_carea' id='block_1_9' title="bbox 862 2041 1946 2083">
    <p class='ocr_par' dir='ltr' id='par_1_9' title="bbox 862 2041 1946 2083">
     <span class='ocr_line' id='line_1_20' title="bbox 862 2041 1946 2083; baseline -0.007 1"><span class='ocrx_word' id='word_1_144' title='bbox 862 2044 1328 2083; x_wconf 84' lang='lat' dir='ltr'><strong>FRAXINUS</strong></span> <span class='ocrx_word' id='word_1_145' title='bbox 1415 2041 1946 2080; x_wconf 87' lang='lat' dir='ltr'><strong>EXCELSIOR.</strong></span> 
     </span>
    </p>
   </div>
   <div class='ocr_carea' id='block_1_10' title="bbox 580 2146 2201 2262">
    <p class='ocr_par' dir='ltr' id='par_1_10' title="bbox 580 2146 2201 2262">
     <span class='ocr_line' id='line_1_21' title="bbox 584 2146 1978 2203; baseline -0.01 -5"><span class='ocrx_word' id='word_1_146' title='bbox 584 2160 807 2197; x_wconf 78' lang='lat' dir='ltr'>FRAXINUS</span> <span class='ocrx_word' id='word_1_147' title='bbox 839 2156 980 2194; x_wconf 87' lang='lat' dir='ltr'>foliolis</span> <span class='ocrx_word' id='word_1_148' title='bbox 1006 2156 1157 2194; x_wconf 83' lang='lat' dir='ltr'>serratis</span> <span class='ocrx_word' id='word_1_149' title='bbox 1183 2169 1194 2199; x_wconf 69' lang='grc' dir='ltr'><strong>ς</strong></span> <span class='ocrx_word' id='word_1_150' title='bbox 1229 2154 1393 2191; x_wconf 86' lang='lat' dir='ltr'>floribus</span> <span class='ocrx_word' id='word_1_151' title='bbox 1416 2151 1594 2203; x_wconf 79' lang='lat' dir='ltr'>apetaliS.</span> <span class='ocrx_word' id='word_1_152' title='bbox 1628 2153 1711 2188; x_wconf 80' lang='lat' dir='ltr'>Lin.</span> <span class='ocrx_word' id='word_1_153' title='bbox 1735 2152 1831 2199; x_wconf 68' lang='lat' dir='ltr'>Sper.</span> <span class='ocrx_word' id='word_1_154' title='bbox 1862 2146 1978 2194; x_wconf 82' lang='grc'><strong>1509.</strong></span> 
     </span>
     <span class='ocr_line' id='line_1_22' title="bbox 580 2206 2201 2262; baseline -0.007 -4"><span class='ocrx_word' id='word_1_155' title='bbox 580 2221 767 2258; x_wconf 77' lang='lat' dir='ltr'>Fraxinus</span> <span class='ocrx_word' id='word_1_156' title='bbox 790 2218 992 2258; x_wconf 77' lang='lat' dir='ltr'>excelsior.</span> <span class='ocrx_word' id='word_1_157' title='bbox 1011 2219 1052 2255; x_wconf 91' lang='lat' dir='ltr'>C.</span> <span class='ocrx_word' id='word_1_158' title='bbox 1072 2219 1117 2254; x_wconf 90' lang='lat' dir='ltr'>B.</span> <span class='ocrx_word' id='word_1_159' title='bbox 1139 2217 1223 2253; x_wconf 79' lang='lat' dir='ltr'>Pin.</span> <span class='ocrx_word' id='word_1_160' title='bbox 1242 2211 1435 2262; x_wconf 80' lang='lat' dir='ltr'><strong>416.—T.</strong></span> <span class='ocrx_word' id='word_1_161' title='bbox 1456 2215 1551 2250; x_wconf 73' lang='lat' dir='ltr'>lust.</span> <span class='ocrx_word' id='word_1_162' title='bbox 1574 2210 1866 2259; x_wconf 77' lang='lat' dir='ltr'>577.—-Sclzaw.</span> <span class='ocrx_word' id='word_1_163' title='bbox 1882 2211 2031 2259; x_wconf 77' lang='lat' dir='ltr'>specim.</span> <span class='ocrx_word' id='word_1_164' title='bbox 2053 2220 2090 2246; x_wconf 79' lang='grc' dir='ltr'>η.</span> <span class='ocrx_word' id='word_1_165' title='bbox 2109 2206 2201 2255; x_wconf 78' lang='lat'>245.</span> 
     </span>
    </p>
   </div>
   <div class='ocr_carea' id='block_1_11' title="bbox 579 2325 2231 2451">
    <p class='ocr_par' dir='ltr' id='par_1_11' title="bbox 579 2325 2231 2451">
     <span class='ocr_line' id='line_1_23' title="bbox 636 2325 2231 2383; baseline -0.008 -9"><span class='ocrx_word' id='word_1_166' title='bbox 636 2337 824 2374; x_wconf 81' lang='lat' dir='ltr'>UNICAM</span> <span class='ocrx_word' id='word_1_167' title='bbox 849 2333 1007 2372; x_wconf 77' lang='lat' dir='ltr'>Fraxini</span> <span class='ocrx_word' id='word_1_168' title='bbox 1038 2332 1205 2383; x_wconf 83' lang='lat' dir='ltr'>speciem</span> <span class='ocrx_word' id='word_1_169' title='bbox 1228 2330 1269 2367; x_wconf 89' lang='lat' dir='ltr'>in</span> <span class='ocrx_word' id='word_1_170' title='bbox 1286 2328 1474 2367; x_wconf 76' lang='lat' dir='ltr'>Barbaria</span> <span class='ocrx_word' id='word_1_171' title='bbox 1494 2328 1724 2371; x_wconf 73' lang='lat' dir='ltr'>observavi,</span> <span class='ocrx_word' id='word_1_172' title='bbox 1743 2327 1943 2366; x_wconf 88' lang='lat' dir='ltr'>montibus</span> <span class='ocrx_word' id='word_1_173' title='bbox 1966 2325 2132 2375; x_wconf 81' lang='lat' dir='ltr'>Algeriae</span> <span class='ocrx_word' id='word_1_174' title='bbox 2158 2325 2231 2361; x_wconf 86' lang='lat' dir='ltr'>fre·</span> 
     </span>
     <span class='ocr_line' id='line_1_24' title="bbox 579 2385 2228 2451; baseline -0.01 -14"><span class='ocrx_word' id='word_1_175' title='bbox 579 2399 873 2451; x_wconf 80' lang='lat' dir='ltr'>quentissimam</span> <span class='ocrx_word' id='word_1_176' title='bbox 892 2426 900 2440; x_wconf 81' lang='lat'>‚</span> <span class='ocrx_word' id='word_1_177' title='bbox 927 2409 1011 2447; x_wconf 80' lang='lat' dir='ltr'>quae</span> <span class='ocrx_word' id='word_1_178' title='bbox 1038 2396 1079 2432; x_wconf 86' lang='lat' dir='ltr'>F.</span> <span class='ocrx_word' id='word_1_179' title='bbox 1114 2392 1331 2431; x_wconf 82' lang='lat' dir='ltr'>excelsioris</span> <span class='ocrx_word' id='word_1_180' title='bbox 1352 2391 1439 2428; x_wconf 88' lang='lat' dir='ltr'>Lin.</span> <span class='ocrx_word' id='word_1_181' title='bbox 1463 2390 1624 2428; x_wconf 83' lang='lat' dir='ltr'>varietas</span> <span class='ocrx_word' id='word_1_182' title='bbox 1645 2391 1812 2427; x_wconf 88' lang='lat' dir='ltr'>omnino</span> <span class='ocrx_word' id='word_1_183' title='bbox 1835 2389 2020 2432; x_wconf 74' lang='lat' dir='ltr'>videtur3</span> <span class='ocrx_word' id='word_1_184' title='bbox 2049 2385 2228 2424; x_wconf 82' lang='lat' dir='ltr'>distincta</span> 
     </span>
    </p>
   </div>
   <div class='ocr_carea' id='block_1_12' title="bbox 579 2446 2223 2562">
    <p class='ocr_par' dir='ltr' id='par_1_12' title="bbox 579 2446 2223 2562">
     <span class='ocr_line' id='line_1_25' title="bbox 579 2446 2223 2504; baseline -0.01 -6"><span class='ocrx_word' id='word_1_185' title='bbox 579 2471 708 2498; x_wconf 79' lang='lat' dir='ltr'>tamen</span> <span class='ocrx_word' id='word_1_186' title='bbox 731 2460 838 2498; x_wconf 74' lang='lat' dir='ltr'>caule</span> <span class='ocrx_word' id='word_1_187' title='bbox 868 2459 933 2498; x_wconf 84' lang='lat' dir='ltr'>vix</span> <span class='ocrx_word' id='word_1_188' title='bbox 972 2466 1127 2494; x_wconf 77' lang='lat'>10-12</span> <span class='ocrx_word' id='word_1_189' title='bbox 1160 2453 1309 2492; x_wconf 82' lang='lat' dir='ltr'>metrali</span> <span class='ocrx_word' id='word_1_190' title='bbox 1341 2464 1377 2491; x_wconf 92' lang='lat' dir='ltr'>et</span> <span class='ocrx_word' id='word_1_191' title='bbox 1413 2452 1639 2504; x_wconf 75' lang='lat' dir='ltr'>pericarpiis</span> <span class='ocrx_word' id='word_1_192' title='bbox 1678 2465 1846 2504; x_wconf 87' lang='lat' dir='ltr'>superne</span> <span class='ocrx_word' id='word_1_193' title='bbox 1880 2449 2084 2503; x_wconf 80' lang='lat' dir='ltr'>paululum</span> <span class='ocrx_word' id='word_1_194' title='bbox 2111 2446 2223 2484; x_wconf 81' lang='lat' dir='ltr'>latio-</span> 
     </span>
     <span class='ocr_line' id='line_1_26' title="bbox 580 2521 786 2562; baseline 0.019 -4"><span class='ocrx_word' id='word_1_195' title='bbox 580 2523 701 2560; x_wconf 87' lang='lat' dir='ltr'>ribus.</span> <span class='ocrx_word' id='word_1_196' title='bbox 760 2521 786 2562; x_wconf 73' lang='grc' dir='ltr'>Β</span> 
     </span>
    </p>
   </div>
  </div>
 </body>
</html>
