2419 3212
516 259 985 298 DIADELPHIA
1061 258 1507 297 DECANDRIA.
1745 264 1832 310 171

190 374 333 412 parvae.
356 360 574 398 Pedunculi
597 360 770 398 axillares
789 392 796 405 ‚
822 360 944 410 longi.
970 361 1101 397 Flores
1123 359 1337 396 umbellati.
1375 359 1497 410 Calyx
1519 369 1662 409 parvus
1681 371 1691 402 ‘⁷
1721 356 1838 394 dente

192 422 394 473 superiore
416 422 612 472 longiore.
633 422 795 459 Corolla
818 423 931 458 lutea.
950 423 1152 471 Legumen
1177 420 1316 470 gracile
1333 450 1340 464 ‚
1363 420 1609 457 articulatum
1623 448 1631 462 ,
1649 418 1836 456 subcom-

190 495 386 532 pressum,
412 482 504 519 hinc
527 494 565 519 et
586 482 677 519 inde
706 482 981 531 marginatum.

248 563 476 600 HABITAT
511 563 561 600 ad
585 562 697 598 maris
720 562 866 598 littora.
914 559 940 599 Β

524 668 1066 709 CORONILLA
1151 665 1513 704 MINIMA.

193 777 465 813 CORONILLA
492 778 783 828 procumbens3
817 776 963 813 foliolis
984 773 1173 816 novenis,
1203 772 1450 816 lanceolati53
1488 770 1636 822 stipulis
1655 773 1845 823 oppositi-

249 838 351 874 foliis
370 868 378 881 ,
398 839 666 888 emarginatis3
688 838 952 888 leguminibus
968 836 1158 886 angulatis
1178 865 1186 878 ,
1210 833 1390 871 nodosis·
1421 834 1503 870 Lm.
1530 835 1628 882 δρα.
1654 834 1768 880 1048.
1787 856 1842 863 -—-

237 902 355 952 Jacq.
378 899 499 937 Azcslr.
518 901 556 937 3.
579 905 604 936 ί.
632 913 723 947 271.

193 960 400 998 Coronilla
434 961 608 998 minima.
643 959 683 998 T.
716 963 808 998 Inst.
836 958 929 998 650.

194 1022 354 1059 Ferrum
384 1024 571 1073 equinum
599 1023 774 1071 gallicum
791 1051 798 1064 ,
823 1020 968 1071 siliquis
994 1020 1034 1056 in
1066 1020 1303 1057 summitate.
1331 1023 1373 1058 C.
1397 1022 1443 1057 Β.
1468 1021 1551 1057 Pin.
1575 1019 1668 1067 349.

192 1084 409 1135 Polygalon
435 1084 670 1135 Cortusi.J.
699 1085 741 1119 B.
767 1084 975 1130 Hz'st.2.j1.
1002 1079 1093 1117 351.
1119 1083 1172 1117 Ic.

193 1145 311 1182 Lotus
332 1144 629 1196 enneaphyllos.
652 1145 801 1180 Dczlcclz.
831 1145 932 1181 Hist.
962 1140 1056 1178 510.
1080 1143 1134 1179 Ic.
1159 1144 1265 1180 hona.

251 1251 413 1286 CAULES
440 1248 697 1292 suffrufflcosi,
717 1248 831 1285 erecti
849 1279 856 1292 ‚
876 1261 946 1286 nec
965 1247 1151 1299 prostrati
1172 1257 1213 1284 ut
1235 1247 1275 1282 in
1301 1247 1508 1296 Europcea.
1527 1245 1641 1283 Rami
1668 1246 1823 1295 graciles
1837 1278 1845 1292 ,

196 1312 410 1355 numerosi,
443 1323 541 1349 1———2
576 1311 775 1348 decimetr.
805 1309 911 1347 Folia
938 1310 1070 1359 glauca
1093 1339 1101 1353 ,
1140 1308 1334 1359 pinnata3
1372 1307 1547 1358 pinnulis
1584 1307 1760 1357 quinque
1796 1308 1846 1345 ad

195 1384 364 1424 septem,
383 1373 551 1424 parvulis
571 1401 578 1413 7
604 1371 744 1419 glaucis
764 1400 771 1413 ‚
789 1371 1041 1410 subc-amosis
1057 1401 1064 1413 ,
1086 1369 1268 1406 obovatis
1283 1399 1290 1413 ,
1306 1369 1559 1405 mucronatis.
1592 1368 1748 1418 Stipulae
1773 1369 1846 1404 mi—

196 1446 311 1472 nutae.
347 1434 565 1471 Pedunculi
596 1432 794 1471 filiformes
815 1464 822 1477 ,
851 1433 945 1469 folio
974 1432 1189 1481 longiores.
1225 1431 1356 1467 Flores
1381 1430 1562 1481 capitati,
1598 1429 1818 1466 terminales
1839 1460 1847 1474 ,

195 1496 304 1534 lutei.
337 1495 459 1547 Calyx
483 1495 643 1543 exiguus
665 1526 673 1538 ,
703 1495 997 1547 campanulatus
1017 1509 1027 1539 ς
1059 1494 1175 1530 dente
1197 1492 1399 1544 superiore
1422 1491 1626 1543 paululum
1649 1490 1846 1540 longiore.

198 1558 397 1607 Legumen
419 1556 668 1594 articulatum
690 1586 698 1599 ‚
721 1556 974 1606 angulosum.

254 1638 483 1674 HABITAT
508 1637 550 1672 in
576 1636 735 1672 Atlante
769 1649 898 1686 prope
920 1635 1122 1669 Tleinsen.
1171 1632 1197 1670 75

455 1747 930 1788 CORONILLA
994 1743 1593 1783 PENTAPHYLLA.

200 1861 474 1897 CORONlLLA
504 1857 650 1894 foliolis
687 1855 816 1906 quinis
845 1865 912 1892 aut
950 1853 1118 1905 septenis
1145 1883 1153 1897 ‚
1183 1852 1499 1890 cuneiformibus
1526 1881 1534 1895 ‚
1568 1849 1816 1899 emarginatis
1842 1866 1851 1895 ς

257 1921 408 1972 stipulis
436 1919 559 1956 ovatis
579 1948 587 1962 ,
618 1917 806 1956 deciduis.

258 2033 434 2068 FRUTEX
457 2027 709 2078 glaberrimus
723 2059 730 2072 ,
749 2039 882 2076 9—10
913 2026 1114 2064 decimetr.
1135 2055 1142 2069 ,
1163 2037 1311 2063 erectus
1329 2055 1336 2069 ,
1360 2022 1654 2061 famosissimus.
1679 2022 1854 2059 Pinnulae

204 2092 376 2144 quinque
395 2121 401 2134 ‚
423 2091 542 2128 rarius
565 2100 733 2139 septem,
754 2089 1014 2126 cuneiformes
1032 2117 1040 2130 ,
1066 2088 1311 2136 emarginatae
1330 2101 1340 2129 ς
1359 2084 1563 2122 nonnullae
1582 2082 1853 2130 integerrimae.

204 2153 362 2204 Stipulae
384 2165 530 2201 magnae
550 2182 557 2194 ³
592 2161 714 2187 ovatae
735 2181 743 2193 ,
773 2151 961 2187 deciduae.
980 2149 1195 2186 Pedunculi
1210 2147 1321 2184 nudi.
1348 2147 1476 2183 Flores
1501 2144 1591 2181 lutei
1607 2174 1614 2186 ,
1638 2142 1855 2186 umbellati,

206 2216 341 2252 decem
366 2213 415 2250 ad
437 2212 585 2261 Viginti.
625 2207 766 2248 Affinis
796 2211 1010 2249 Coronillae
1040 2211 1169 2247 Rivin.
1196 2222 1232 2248 2.
1272 2220 1296 2245 t.
1319 2220 1393 2257 923
1414 2207 1481 2245 sed
1509 2207 1549 2242 in
1582 2205 1694 2241 icone
1724 2203 1855 2241 Rivini

206 2275 380 2328 pinnulae
405 2286 426 2321 9
455 2303 463 2316 ,
499 2273 591 2308 dum
612 2272 651 2307 in
682 2271 852 2309 nostras)
884 2273 1004 2310 rarius
1036 2283 1071 2319 7.
1114 2271 1324 2309 Coronilla
1369 2269 1559 2306 fruticosa
1591 2266 1854 2316 leguminibus

208 2335 465 2376 crassioribus
494 2333 634 2370 Miller.
668 2332 773 2369 Dict.
819 2343 844 2369 t.
869 2332 945 2379 289
990 2329 1134 2370 nostrae
1175 2332 1367 2369 simillima
1390 2330 1521 2382 quoad
1542 2328 1637 2365 folia
1664 2338 1699 2364 et
1719 2327 1828 2363 flores
1849 2354 1858 2368 ,

208 2400 276 2437 sed
301 2397 449 2449 stipulae
481 2395 594 2432 nullae
615 2423 623 2437 ,
645 2405 686 2430 ut
717 2404 824 2444 patet
854 2404 933 2430 tum
957 2407 1002 2430 cx
1041 2394 1158 2431 icone
1183 2405 1265 2430 tum
1300 2406 1346 2430 ex
1377 2392 1547 2430 auctoris
1579 2387 1855 2437 descriptione.

207 2461 306 2498 Non
329 2470 384 2496 est
404 2458 518 2495 etiam
535 2455 744 2493 Coronilla
766 2455 922 2492 Milleri.
945 2455 1050 2491 Dict.
1077 2466 1100 2490 t.
1119 2456 1210 2503 289.
1242 2456 1267 2490 f.
1291 2467 1301 2490 1
1323 2484 1330 2497 ‚
1348 2468 1432 2504 quse
1459 2452 1617 2504 stipulas
1651 2447 1857 2487 simillimas

210 2524 283 2560 fert
299 2553 307 2567 ,
331 2521 398 2559 sed
418 2520 526 2571 cujus
552 2518 727 2569 pinnulae
753 2516 924 2553 minores
945 2547 952 2559 ,
982 2516 1149 2565 glaucae,
1174 2516 1420 2553 subcarnosae
1449 2525 1484 2552 et
1508 2510 1813 2551 numerosiores.

269 2612 500 2648 HABITAT
533 2608 691 2658 Algerifi
711 2607 752 2643 in
778 2605 962 2645 collibus.
998 2606 1023 2647 E
