2419 3212
514 244 615 293 444
1079 239 1603 276 APPENDIX.

566 349 839 384 PHOENICES
861 342 1072 394 vegetiores
1099 357 1201 394 saepe
1223 354 1316 380 octo
1341 343 1391 380 ad
1418 343 1554 379 decem
1579 352 1753 378 racemos
1778 338 1997 376 fructiferos
2016 339 2162 384 ferunt,

516 422 685 460 quorum
729 405 913 442 nonnulli
952 406 1138 457 ponderis
1179 417 1201 453 9
1223 427 1277 433 —-
1299 416 1342 442 12
1387 403 1524 452 kilogr.
1566 413 1658 439 sunt
1681 433 1689 446 ,
1723 412 1760 439 et
1799 401 1828 438 si
1864 402 2008 437 fructus
2048 400 2163 437 bonae

514 468 733 520 qualitatis,
761 478 834 504 tres
869 467 919 504 ad
955 477 1124 517 quatuor
1156 466 1325 502 Francos
1364 474 1568 513 argenteos
1607 463 1849 500 venduntur.
1892 461 2100 497 Autumno
2130 472 2166 498 et

514 532 658 581 hyeme
695 542 741 566 ex
770 529 866 566 urbe
889 528 1107 565 Tunetana
1131 538 1168 564 et
1195 526 1276 564 aliis
1298 526 1393 562 locis
1418 523 1652 562 benemultis
1680 523 1992 574 peregrinatores
2022 536 2166 571 magno

514 604 709 628 concursu
733 590 781 627 ad
807 589 978 626 Palmeta
1002 587 1165 626 veniunt
1193 601 1266 638 pro
1291 585 1467 636 Dactylis
1495 585 1670 622 emendis
1687 615 1695 629 ‚
1716 597 1885 635 quorum
1915 597 2098 632 magnum
2125 582 2167 618 fit

515 651 795 689 commercium
810 682 818 695 ‚
834 661 868 688 et
894 650 1056 700 vectigal
1070 663 1246 687 annuum
1263 662 1352 686 cum
1372 647 1510 685 iisdem
1528 646 1718 683 fructibus
1741 644 1900 693 singulis
1920 644 2030 681 annis
2053 643 2166 680 Prin-

518 713 595 764 cipi
622 712 869 764 persolvitur.

576 792 878 840 QUINDECIM
917 791 967 828 ad
995 790 1131 840 viginti
1173 791 1376 828 varietates
1425 788 1615 827 distinctae
1662 787 1814 824 ratione
1856 785 2136 835 magnitudinis
2161 815 2168 829 ,

520 853 794 897 consistentiae,
814 852 965 896 coloris,
985 853 1133 903 saporis
1148 863 1219 890 etc.
1239 862 1511 894 numerantur,
1526 848 1753 886 nominibus
1770 847 1938 898 propriis
1961 846 2168 896 insignitae,

520 928 686 964 quarum
712 914 910 951 nonnullae
940 914 1079 951 nucleo
1108 924 1254 951 carent.

575 993 770 1028 DACTYLI
793 1001 1083 1042 praeponuntur
1108 991 1378 1034 flavescentes,
1402 989 1521 1033 firmi,
1540 988 1817 1040 subpellucidi.
1851 988 1905 1024 Hi
1928 988 2072 1024 fructus
2088 1000 2170 1023 sac-

521 1051 681 1095 charmi,
701 1052 798 1095 sani,
815 1064 964 1088 summe
990 1052 1181 1094 nutritivi‚
1203 1052 1430 1095 suavissimi,
1448 1062 1484 1088 et
1504 1064 1550 1088 eo
1568 1049 1724 1101 majoris
1750 1048 1864 1100 pretii
1889 1049 1995 1099 quod
2023 1047 2169 1097 absque

518 1113 594 1150 ulla
623 1112 910 1163 praeparatione
941 1113 1074 1163 quales
1101 1113 1251 1164 optima
1282 1125 1422 1163 parens
1451 1111 1602 1148 Natura
1632 1109 1745 1147 offert
1774 1110 2046 1146 comeduntur.

573 1204 721 1241 NUNC
753 1203 923 1240 diversas
950 1203 1126 1240 utilitates
1154 1204 1269 1255 hujus
1294 1204 1445 1241 arboris
1466 1206 1779 1256 praetiosissimae‚
1800 1219 1884 1255 quae
1909 1216 1966 1242 tot
1993 1205 2170 1255 gentibus

521 1265 673 1303 facilem
696 1265 842 1303 victum
863 1265 1031 1316 praebet,
1055 1265 1225 1302 breviter
1249 1267 1510 1316 exponendae.

576 1346 827 1380 DACTYLOS
851 1346 988 1380 natura
1007 1344 1188 1380 sicciores
1217 1344 1288 1381 soli
1311 1345 1463 1381 ardenti
1479 1360 1549 1396 per
1571 1348 1700 1398 plures
1718 1348 1798 1385 dies
1818 1357 2023 1399 exponunt
2045 1347 2171 1384 donec

521 1406 688 1442 omnino
719 1404 985 1447 exsiccentur,
1004 1405 1148 1441 deinde
1179 1416 1389 1442 conterunt
1425 1417 1462 1444 et
1502 1408 1542 1444 in
1573 1408 1738 1446 farinam
1762 1420 1930 1446 vertunt.
1968 1408 2024 1444 Sic
2050 1407 2174 1458 parati

521 1468 672 1517 absque
707 1466 787 1503 ullo
822 1465 1056 1502 detrimento
1096 1465 1239 1502 servari
1274 1477 1464 1517 possunt,
1487 1479 1523 1504 et
1545 1474 1692 1506 summe
1724 1470 1833 1506 utiles
1864 1469 2078 1506 viatoribus
2108 1467 2175 1518 qui

519 1528 638 1578 longa
654 1540 724 1579 per
741 1527 951 1563 immensas
974 1537 1009 1563 et
1029 1527 1248 1576 profundas
1271 1528 1497 1566 solitudines
1519 1530 1759 1567 desertorum
1784 1530 2003 1580 suscipiunt
2023 1529 2173 1565 itinera.

523 1589 705 1626 Farinam
729 1601 847 1639 supra
866 1588 1009 1624 dictam
1037 1600 1125 1624 cum
1153 1588 1303 1624 tantillo
1328 1602 1438 1639 aquae
1458 1589 1618 1626 dilutam
1642 1591 1855 1627 comedunt
1873 1605 1882 1635 ς
1901 1590 1997 1626 illud
2017 1589 2176 1626 alimen-

524 1661 604 1688 tum
629 1649 951 1700 simplicissimum
979 1661 1044 1685 eos
1071 1650 1144 1699 per
1170 1649 1300 1700 plures
1333 1663 1484 1687 menses
1509 1651 1656 1687 enutrit
1679 1651 1856 1701 viresque
1880 1650 1972 1687 mire
2000 1651 2174 1687 sustinet.

581 1731 848 1766 DACTYLIS
889 1728 1134 1765 mollioribus
1170 1743 1284 1766 urnas
1310 1728 1441 1766 fictiles
1474 1729 1556 1766 basi
1587 1729 1799 1780 perforatas
1830 1728 1982 1779 replent
2011 1739 2047 1765 et
2074 1743 2176 1779 pon-

526 1792 618 1829 dere
642 1790 921 1841 comprimunt.
946 1790 1072 1841 Pulpa
1096 1790 1253 1827 Huiclior
1268 1821 1275 1834 ,
1294 1805 1314 1827 a
1334 1791 1522 1842 pelliculis
1538 1821 1545 1834 2
1568 1790 1674 1827 fibris
1699 1801 1736 1827 et
1759 1789 1931 1826 ossiculis
1957 1800 2174 1838 segregata,

526 1854 702 1890 foramen
742 1861 914 1901 permeat
957 1862 993 1887 et
1036 1851 1076 1887 in
1115 1865 1181 1888 vas
1222 1852 1326 1888 aliud
1371 1852 1557 1903 recipitur
1589 1867 1599 1897 3
1636 1852 1718 1889 haec
1751 1850 1945 1889 subtantia
1977 1863 2062 1900 quae
2095 1850 2175 1887 Mel

525 1913 782 1965 Dactylorum
813 1911 1033 1961 appellatur
1055 1912 1203 1962 saporis
1234 1912 1450 1961 gratissimi.

582 1996 611 2031 E
647 1996 818 2047 Dactylis
855 1995 969 2032 etiam
1015 2006 1115 2043 aqua
1143 1992 1229 2028 vitre
1264 2004 1345 2026 non
1380 1990 1598 2041 injucunda
1635 1990 1826 2028 educitur.
1877 1989 1965 2026 Artt
2014 1990 2174 2027 medicae

526 2056 766 2100 inserviunt,
792 2057 1048 2105 astringentes
1081 2064 1118 2091 et
1155 2052 1446 2096 demulcentes,
1468 2052 1542 2089 alvi
1577 2052 1701 2089 fluxus
1739 2052 1928 2089 cohibent
1963 2062 1999 2089 et
2022 2052 2176 2089 dolores

528 2116 804 2154 intestinorum
839 2117 1001 2163 sedantg
1025 2129 1070 2152 ex
1096 2115 1139 2151 iis
1170 2114 1282 2151 etiam
1310 2124 1511 2163 unguenta
1540 2124 1730 2163 parantur
1760 2127 1844 2164 quse
1883 2126 1956 2163 pro
1988 2113 2110 2162 plagis
2143 2124 2179 2150 et

531 2177 724 2215 ulceribus
755 2179 945 2216 leniendis
978 2176 1078 2214 felici
1102 2191 1190 2214 cum
1215 2189 1394 2213 successu
1423 2174 1675 2212 adhibentur.

583 2257 751 2293 NUCLEI
786 2258 948 2295 demum
977 2257 1066 2294 licet
1096 2255 1228 2293 cornei
1256 2266 1294 2292 et
1324 2254 1522 2291 durissimi
1543 2267 1626 2289 non
1651 2253 1882 2304 rejiciuntur
1899 2268 1909 2297 3
1926 2253 2089 2290 triturati
2111 2263 2177 2290 aut

530 2319 628 2367 aquit
657 2332 725 2365 per
747 2318 876 2369 plures
898 2318 978 2355 dies
996 2317 1204 2354 continuos
1224 2316 1383 2353 emolliti
1400 2346 1407 2359 ‚
1431 2315 1586 2353 Ovibus
1602 2325 1637 2351 et
1655 2315 1825 2352 Camelis
1843 2314 2065 2352 alimentum
2083 2328 2178 2366 prce-

530 2378 626 2415 bent
658 2380 850 2417 salubrem
882 2392 953 2416 nec
981 2377 1257 2429 injucundum.

586 2457 795 2495 FLORES
834 2455 991 2494 masculi
1023 2455 1137 2492 simul
1169 2469 1257 2492 cum
1293 2455 1439 2505 spathis
1474 2455 1767 2493 involventibus
1804 2457 1843 2493 in
1872 2457 2037 2507 juvenili
2069 2466 2176 2492 :etate

534 2519 731 2555 tenerrimi
766 2519 1074 2559 manducantur,
1107 2527 1143 2553 et
1177 2516 1316 2553 virtute
1351 2517 1624 2567 aphrodisiaca
1660 2517 1799 2554 donari
1836 2518 1956 2567 vulgo
1995 2516 2176 2554 creditur.

535 2576 798 2617 Foeminarum
823 2580 936 2617 etiam
959 2578 1105 2628 spathae
1142 2576 1274 2614 edules
1296 2587 1332 2614 et
1356 2578 1470 2616 bonae
1487 2606 1495 2621 ‚
1514 2578 1582 2616 sed
1608 2578 1803 2617 demetere
1831 2591 2027 2617 summum
2058 2576 2176 2614 nefas.
