2419 3212
517 260 616 307 440
1084 256 1636 292 APPENDIX.

519 366 658 407 quarto
682 366 813 391 mense
841 363 886 390 ex
915 350 1102 388 umbilico
1130 349 1275 388 dorsali
1303 347 1462 396 emergit
1485 346 1678 384 funiculus
1705 353 1828 390 teres,·
1846 346 2074 386 tenerrimus
2099 349 2166 400 qui

516 418 617 454 intra
633 429 779 466 paucos
797 414 877 451 dies
897 414 1101 463 elongatur
1118 424 1153 450 et
1173 413 1324 449 inferne
1340 410 1380 446 in
1398 409 1563 446 bulbum
1581 407 1841 459 cylindricum
1861 408 2045 458 spissatur
2059 439 2067 451 ,
2087 408 2166 445 basi

517 478 729 515 radiculam
758 474 991 526 simplicem,
1009 473 1377 526 perpendicularem
1399 470 1638 508 emittentem
1653 500 1660 512 ,
1677 482 1844 520 superne
1867 483 1959 506 vero
1989 470 2165 506 foliolum

516 539 702 580 unicum,
722 536 1049 588 simplicissimum
1067 551 1076 580 ς
1096 535 1239 572 deinde
1263 533 1375 570 radix
1398 532 1579 581 elongata
1600 531 1640 567 in
1666 544 1793 567 ramos
1818 530 2025 574 dividitur,
2048 531 2163 567 folio-

517 613 602 636 rum
636 611 819 635 numerus
850 608 1011 646 augetur
1029 627 1037 641 ,
1061 608 1097 634 et
1129 596 1240 633 tertio
1262 594 1323 631 vel
1346 604 1484 644 quarto
1517 592 1636 629 aetatis
1663 606 1770 628 anno
1800 593 1936 642 planta
1962 592 2166 629 infantiam

519 660 642 704 exuit,
672 659 887 709 faciemque
911 658 1079 694 0111111110
1101 655 1273 708 parentis
1302 655 1432 691 refert.
1464 654 1667 691 Phoenices
1698 653 1750 691 sic
1781 654 2042 705 multiplicatae
2076 664 2165 690 ante

518 735 667 758 annum
711 733 754 758 12
775 742 826 748 -—
852 718 895 756 15
932 733 1014 755 11011
1053 719 1181 755 serunt
1218 717 1361 753 fructus
1396 726 1433 752 et
1465 716 1698 765 plerumque
1738 716 1971 764 degeneres,
1999 728 2169 769 cumque⁴

517 783 668 819 nullum
696 782 736 818 in
759 781 925 832 juvenili
948 781 1080 831 planta
1111 779 1224 816 detur
1251 777 1361 815 sextis
1391 777 1604 831 indicium,
1626 776 1783 826 plurimi
1806 790 1906 827 saepe
1932 777 2167 814 adolescunt

518 857 641 881 mares
673 842 737 894 qui
766 843 843 880 fere
871 842 1024 878 inutiles
1053 854 1161 892 spem
1191 839 1408 876 Palmicolae
1440 837 1590 873 fallunt.
1627 837 1762 887 Itaque
1795 838 2068 889 multiplicatio
2097 850 2168 888 per

519 906 632 943 taleas
661 903 937 956 praeponenda
958 913 994 939 et
1019 903 1144 953 reipsa
1169 900 1435 952 praeponitur,
1461 897 1572 934 citius
1601 899 1706 935 enim
1738 899 1961 949 frugescunt
1984 900 2165 942 arbores,

518 978 555 1004 et
584 967 743 1017 optimae
771 965 973 1002 varietates
1001 965 1071 999 hirc
1098 962 1287 999 methodo
1314 969 1517 997 servantur
1545 969 1580 995 et
1605 972 1889 1011 propagantur.

572 1068 802 1104 STOLONES
833 1078 851 1102 e
879 1065 1007 1102 trunci
1032 1064 1227 1102 radicibus
1243 1096 1250 1109 ,
1272 1063 1511 1116 quandoque
1538 1074 1584 1098 ex
1609 1062 1729 1099 axillis
1754 1063 1938 1099 soliorum
1960 1074 1997 1100 et
2018 1077 2062 1101 ex
2081 1064 2167 1115 ipso

515 1131 702 1168 arborum
727 1127 927 1164 cacumine
944 1157 950 1169 ,
976 1126 1064 1177 (qui
1084 1127 1123 1162 ni
1143 1127 1359 1163 avellantur
1380 1136 1527 1161 summe
1545 1123 1699 1171 nocivi)
1728 1123 1891 1161 biennes
1910 1135 1974 1161 aut
1996 1125 2165 1162 triennes

518 1191 794 1228 rescinduntur
811 1199 847 1225 et
864 1188 1070 1224 scrobibus
1096 1187 1347 1224 infodiuntur
1366 1201 1372 1223 1
1391 1199 1454 1223 eos
1479 1185 1756 1233 integumentis
1780 1198 1798 1221 a
1824 1184 1902 1221 sole
1926 1185 2166 1229 defendunt,

520 1252 713 1302 semelque
736 1251 775 1286 in
801 1249 861 1286 die
890 1250 1058 1286 irrorant
1075 1279 1082 1292 ,
1108 1249 1235 1287 donec
1264 1248 1412 1285 radices
1441 1246 1611 1296 egerint3
1631 1258 1769 1296 quarto
1790 1256 1855 1282 aut
1879 1246 2018 1296 quinto
2042 1261 2167 1289 anno,

518 1313 757 1364 quandoque
796 1311 915 1348 serius
953 1310 1011 1347 vel
1050 1309 1158 1346 ocius
1198 1310 1341 1346 fructus
1374 1307 1548 1344 reddunt
1585 1307 1652 1343 sed
1692 1307 1820 1344 adhuc
1871 1308 2083 1345 mediocres
2132 1318 2170 1345 et

516 1374 692 1412 ossiculis
732 1373 935 1410 destitutos
956 1402 963 1416 ,
993 1371 1248 1421 ultimumque
1283 1368 1535 1421 perfectionis
1568 1368 1733 1418 gradum
1763 1399 1771 1413 ,
1806 1368 1879 1405 nisi
1911 1383 2018 1405 anno
2049 1370 2168 1407 aetatis

519 1434 771 1486 quindecimo
805 1443 870 1470 aut
904 1432 1088 1482 vigesimo
1119 1432 1344 1483 acquirunt.

572 1540 634 1575 FOE
649 1548 780 1575 MINAE
804 1537 893 1574 solae
917 1536 1121 1585 diligenter
1143 1535 1397 1577 excoluntur,
1416 1534 1608 1585 siquidem
1632 1534 1720 1571 solae
1741 1544 1830 1571 sunt
1852 1534 2008 1571 feraces.
2039 1536 2167 1574 Mares

518 1601 722 1652 sylvestres
743 1609 882 1650 sponte
907 1609 1087 1635 crescunt
1104 1628 1111 1639 ,
1130 1597 1198 1633 sed
1224 1596 1339 1645 longe
1369 1596 1513 1632 minori
1541 1596 1780 1646 quantitate3
1804 1607 1840 1632 et
1866 1596 1905 1632 in
1932 1597 2168 1646 quibusdam

516 1661 763 1712 regionibus,
792 1660 905 1697 flores
935 1659 1139 1696 masculini
1166 1671 1184 1695 e
1207 1657 1427 1708 longinquo
1461 1657 1648 1708 asportati
1678 1658 1910 1695 venduntur
1940 1671 2013 1708 pro
2037 1660 2165 1696 foemi-

517 1723 635 1760 nibus
668 1721 987 1773 impraegnandis.

575 1820 797 1856 PHOENIX
831 1820 933 1856 lente
967 1819 1102 1856 crescit
1122 1829 1158 1856 et
1178 1819 1370 1857 ducentos
1403 1829 1471 1857 aut
1501 1830 1692 1857 trecentos
1727 1833 1852 1857 annos
1882 1819 1998 1863 vivit,
2019 1820 2048 1856 si
2074 1820 2166 1858 fides

519 1881 566 1918 sit
588 1880 769 1918 Arabum
792 1881 1035 1918 testimoniis.
1069 1882 1114 1917 In
1136 1881 1325 1918 Barbaria
1353 1881 1517 1918 altitudo
1543 1882 1702 1919 20-30
1726 1892 1955 1917 metrorum.
1986 1880 2167 1918 Truncus

521 1941 684 1992 simplex
702 1972 709 1985 ,
734 1942 781 1978 ad
811 1936 934 1979 assem
963 1942 1222 1985 columnaris,
1249 1942 1440 1978 diametro
1470 1943 1586 1987 3—4
1616 1942 1834 1985 decimetr3
1875 1941 1981 1977 fibris
2006 1956 2170 1993 compo-

519 2003 624 2039 nitur
663 2003 796 2039 crassis
816 2033 823 2046 ,
848 2003 1156 2053 subcompressis
1173 2032 1180 2045 ,
1204 2002 1363 2038 laevibus
1383 2032 1390 2045 ,
1415 2003 1520 2039 duris
1537 2033 1544 2043 ,
1568 2003 1761 2039 flexilibus
1806 2014 1937 2038 tamen
1956 2032 1963 2045 ,
1986 2004 2169 2053 patrallele
2193 2047 2196 2050 Α

519 2075 555 2100 61
585 2077 666 2100 11110
702 2074 830 2100 tractu
862 2078 882 2100 a
913 2064 997 2100 basi
1029 2064 1077 2100 ad
1109 2063 1260 2113 apicem
1292 2063 1511 2113 protensis,
1536 2077 1628 2114 quas
1665 2064 1746 2100 aliae.
1770 2064 1975 2100 nonnullae¹
2009 2064 2169 2114 oblique

518 2125 753 2162 intersecant
775 2141 782 2162 ;
814 2125 990 2162 facillime
1014 2125 1252 2162 divelluntur
1274 2125 1313 2161 in
1336 2125 1468 2176 planta
1492 2125 1651 2176 juniore
1674 2136 1738 2162 aut
1760 2136 1937 2162 emortua
1958 2135 1994 2161 et
2017 2137 2169 2175 putres-

518 2196 644 2222 cente.
684 2186 720 2222 Si
758 2188 859 2223 serr-st
893 2186 1138 2223 transversim
1176 2196 1335 2222 truncus
1372 2186 1640 2230 rescindatur,
1671 2187 1709 2222 in
1743 2187 1923 2224 sectionis
1965 2186 2168 2237 superficie

519 2260 590 2284 nec
613 2257 728 2283 strata
750 2261 904 2290 annua,
925 2261 996 2284 nec
1018 2247 1154 2284 ductus
1182 2247 1422 2289 medullaris,
1442 2261 1512 2284 nec
1537 2261 1741 2298 processus
1764 2248 1946 2284 medullae
1971 2247 2167 2284 radiantes

518 2307 789 2344 observantur.
822 2307 1024 2344 Fibrarum
1051 2307 1253 2344 intervalla
1276 2308 1446 2344 medulla
1467 2309 1609 2359 replet,
1626 2323 1710 2359 quse
1732 2323 1752 2346 a
1776 2319 1911 2348 centro
1934 2309 1983 2345 ad
2010 2308 2172 2346 circum-

518 2368 724 2405 ferentiam
767 2369 957 2417 gradatim
995 2369 1211 2405 densantur
1247 2368 1543 2420 gracilior-esque
1582 2369 1680 2407 fiunt
1714 2381 1750 2407 et
1793 2370 1966 2407 duriores
1993 2401 2000 2414 ,
2034 2371 2086 2407 ita
2129 2381 2171 2407 ut

518 2428 646 2466 trunci
669 2429 837 2465 soliditas
862 2440 898 2466 et
916 2429 972 2465 vis
996 2429 1123 2480 major
1142 2430 1181 2466 in
1205 2429 1409 2480 superficie
1429 2445 1547 2480 quam
1570 2431 1610 2467 in
1632 2442 1782 2468 centro.
1815 2431 1909 2468 Haec
1931 2432 2168 2480 organisatio

517 2490 658 2527 Palmis
692 2490 879 2527 omnibus
897 2491 1151 2541 ,caeterisque
1180 2491 1608 2543 monocotyledonibus
1642 2493 1882 2537 communis,
1907 2503 1989 2529 toto
2018 2493 2116 2529 coelo
2148 2505 2168 2528 a

520 2551 845 2602 dicotyledonum
878 2552 1165 2600 organisatione
1199 2552 1374 2596 diversa,
1402 2563 1443 2590 ut
1472 2553 1725 2604 probavimus
1752 2556 1864 2594 Mem.
1889 2556 1928 2592 de
1951 2554 2066 2593 l'Inst.
2089 2557 2167 2591 nat.

498 2612 560 2651 Vde
591 2612 737 2648 Franoe.
769 2613 887 2651 Tom.
911 2625 942 2649 1.
973 2626 1014 2663 p.
1035 2613 1125 2658 478.
