2419 3212
780 252 1336 288 APPENDIX.
1791 239 1890 297 439

240 346 422 385 alimenta
453 347 502 385 ad
532 346 744 385 vivendum
777 343 991 383 necessaria
1010 374 1018 389 ,
1047 344 1212 394 vitaeque
1245 342 1317 389 alia
1351 340 1561 378 commoda
1593 339 1742 378 liberali
1768 351 1810 378 ut
1839 341 1891 379 ita

241 409 369 446 dicam
394 403 513 446 manu
533 408 670 445 incolis
691 408 957 458 suppeditant.

295 489 347 525 IN
376 489 636 540 quincuncem
658 498 725 524 aut
747 487 828 525 sine
851 487 988 524 ordine
1013 494 1297 526 conseruntur,
1337 494 1359 528 4
1379 505 1434 510 ——-
1456 480 1477 518 5
1519 491 1732 519 metrorum
1767 481 1888 518 inter-

238 550 339 586 vallo
372 550 576 592 distantes,
602 561 726 600 prope
753 548 853 585 rivos
884 548 949 598 qui
986 548 1048 584 vel
1074 559 1119 584 ex
1151 544 1277 583 arenis
1311 543 1453 580 deserti
1493 543 1728 586 scaturiunt,
1753 544 1813 580 vel
1844 557 1889 581 ex

237 610 372 647 vicinis
396 610 560 651 collibus
584 620 648 647 aut
671 609 871 645 montibus
890 608 1153 649 diducuntur,
1175 616 1211 642 et
1235 619 1316 655 quo
1337 604 1644 641 abundantiores
1670 616 1758 642 sunt
1778 619 1888 656 aquae

237 685 283 708 eo
318 672 456 723 majori
489 684 653 709 numero
692 681 729 707 et
766 669 1011 707 robustiores
1050 677 1256 715 assurgunt
1295 665 1447 701 Palmae.
1502 664 1596 701 Haec
1630 665 1734 702 enim
1771 665 1889 703 arbor

236 733 306 770 sub
351 734 502 771 climate
535 732 766 770 calidissimo
804 742 840 769 et
875 732 973 768 terra
1008 731 1171 767 arenosst
1212 727 1340 764 vivere
1369 739 1526 769 amanS,
1556 726 1886 777 frequentioribus

237 803 367 831 tamen
400 793 690 844 irrigationibus
728 792 964 835 delectatur,
987 801 1023 828 et
1053 801 1309 841 quaecumque
1338 788 1384 825 sit
1415 799 1554 824 natura
1581 801 1691 838 aquce
1709 819 1716 832 ,
1742 788 1861 826 dulcis
1878 818 1886 833 ,

235 855 331 892 salsa
361 866 428 892 aut
458 856 606 892 nitrosa
636 868 775 906 parum
800 854 929 891 refert.
974 852 1105 888 Primo
1133 863 1221 887 vere
1250 860 1287 886 et
1315 849 1528 900 praesertim
1559 859 1686 885 :estate
1715 850 1887 887 Palmeta

233 917 454 967 irrigantur.
484 918 644 955 Rivulos
660 915 946 953 obturamentis
966 913 1157 951 claudunt
1178 910 1418 955 Palmicolae,
1438 920 1475 947 et
1497 923 1567 960 per
1589 910 1719 959 riguos
1744 911 1882 949 ductus

232 978 281 1015 acl
320 978 489 1027 singulas
528 979 676 1015 Palmas
711 991 819 1028 aquae
856 976 1006 1019 fluunt,
1030 974 1162 1025 ibique
1198 972 1416 1009 retinentur
1448 984 1524 1021 ope
1556 982 1665 1007 terrae
1699 973 1883 1021 marginis

232 1038 329 1076 circa
362 1039 488 1076 basim
519 1039 647 1077 trunci
678 1039 718 1075 in
751 1038 936 1075 circulum
961 1046 1026 1073 aut
1056 1035 1096 1071 in
1132 1034 1326 1085 quadrum
1355 1031 1491 1069 elevati
1528 1032 1593 1082 qui
1629 1046 1770 1083 aquam
1807 1049 1885 1071 una

231 1112 339 1150 parte
387 1101 596 1138 admittens
640 1113 723 1137 eam
765 1099 923 1136 ulterius
960 1097 1078 1134 fluere
1119 1095 1318 1147 prohibet.
1376 1094 1584 1144 Aquarum
1625 1094 1882 1133 irrorantium

231 1161 425 1199 beneficio
462 1163 627 1199 cultores
659 1160 813 1199 alternis
844 1160 995 1197 vicibus
1032 1159 1244 1202 fruuntur,
1272 1158 1353 1194 haec
1383 1156 1532 1206 legibus
1568 1156 1679 1194 certis
1716 1158 1885 1195 stabilita

229 1233 341 1267 sunt,
366 1233 402 1260 et
425 1223 661 1274 quibusdam
684 1222 724 1258 in
747 1221 841 1258 locis
868 1219 1030 1269 vectigal
1051 1231 1227 1256 annuum
1250 1218 1486 1269 persolvitur
1509 1231 1530 1254 a
1554 1218 1708 1267 singulo
1733 1220 1880 1257 cultore

229 1284 378 1321 ratione
411 1285 543 1322 habita
574 1284 726 1322 numeri
756 1284 976 1320 Palmarum
999 1295 1107 1332 ,quas
1139 1279 1330 1332 possidet.

282 1364 668 1402 PULCHERRIMA
695 1363 931 1401 Phoenicum
959 1372 1041 1400 sata
1066 1361 1146 1399 vidi
1176 1361 1215 1397 in
1237 1373 1281 1397 ea
1302 1360 1461 1409 regione
1486 1374 1570 1410 quse
1598 1362 1680 1397 Blet
1711 1363 1741 1398 el
1771 1362 1882 1398 Gemi

226 1425 446 1474 appellatur
479 1436 515 1462 et
554 1426 769 1475 praesertim
813 1437 937 1476 prope
979 1422 1211 1460 Elhammah
1230 1451 1238 1465 ,
1262 1421 1408 1458 Tozzer
1427 1451 1434 1464 ,
1461 1421 1639 1458 Loudian
1657 1452 1664 1465 ,
1694 1421 1878 1467 Neftam,

225 1485 385 1522 Nefsam
400 1516 407 1530 ,
426 1497 498 1523 etc.
513 1517 521 1530 ,
544 1487 610 1523 ubi
633 1500 851 1524 numerosae
875 1499 1065 1536 aquarum
1089 1484 1273 1520 salsarum
1297 1481 1549 1531 scaturigines
1575 1492 1612 1518 et
1634 1481 1716 1518 rivi.
1752 1482 1876 1534 Sylvae

224 1546 443 1584 Palmarum
463 1547 578 1585 unius
606 1547 841 1600 myriametri
861 1545 1030 1584 ambitus
1055 1558 1138 1582 non
1156 1557 1244 1581 raro
1262 1553 1474 1580 occurrunt
1488 1572 1495 1586 ,
1515 1543 1555 1578 in
1580 1555 1711 1581 earum
1734 1545 1878 1582 vicinio

224 1607 313 1657 pagi
340 1608 514 1658 ingentes
545 1621 582 1646 et
611 1608 824 1661 populosi,
851 1606 1110 1657 hominesque
1138 1603 1219 1642 sani
1246 1614 1284 1642 et
1312 1604 1497 1642 valentes.

278 1693 520 1731 PALMETA
549 1695 665 1732 radiis
695 1695 784 1732 solis
813 1692 1022 1745 impervia,
1042 1691 1222 1728 umbram
1246 1690 1285 1726 in
1308 1689 1466 1739 regione
1491 1690 1722 1728 calidissima
1742 1692 1876 1743 hospi-

223 1754 335 1791 talem
352 1755 507 1800 incolis,
529 1756 743 1794 viatoribus
763 1768 870 1806 :eque
889 1769 930 1791 ac
951 1752 1212 1790 animantibus
1230 1750 1463 1788 ministrant.
1494 1752 1638 1788 Eorum
1656 1752 1781 1789 denso
1803 1754 1874 1791 sub

223 1815 391 1863 tegmine
410 1847 417 1859 ,
445 1817 593 1867 absque
629 1816 769 1853 ordine
808 1824 988 1852 crescunt
1028 1811 1221 1850 Aurantia
1239 1841 1247 1855 ,
1278 1812 1461 1849 Limones
1482 1842 1490 1855 ,
1524 1812 1704 1855 Punicae,
1737 1814 1845 1851 Oleae
1866 1846 1873 1859 ,

220 1874 432 1928 Amygdali
448 1907 455 1920 ,
483 1878 591 1915 Vites
619 1892 702 1929 quae
725 1891 840 1915 cursu
862 1874 1083 1925 geniculato
1106 1885 1205 1924 saepe
1230 1883 1387 1910 truncos
1414 1873 1634 1910 Palmarum
1662 1876 1871 1913 scandunt.

218 1937 290 1974 Hae
329 1952 465 1976 omnes
504 1940 649 1977 fructus
688 1939 933 1977 suavissimos
954 1968 961 1981 ,
992 1937 1081 1973 licet
1124 1934 1370 1972 obumbratae
1408 1935 1537 1972 ferunt
1563 1966 1570 1978 ‚
1604 1935 1736 1986 ibique
1776 1937 1872 1975 mira

218 1996 362 2034 florum
402 2010 438 2035 et
475 2000 669 2037 fructuum
705 2000 886 2036 varietate
925 2006 1140 2048 pascuntur
1177 1995 1306 2039 oculi,
1333 1995 1524 2046 simulque
1562 1996 1704 2033 festivis
1741 1998 1870 2035 avium

219 2057 442 2102 cantilenis,
467 2073 559 2110 quas
584 2060 743 2103 umbra,
768 2074 889 2111 aqua,
910 2059 1034 2097 victus
1063 2057 1258 2101 alliciunt,
1283 2068 1508 2095 recreantur
1532 2071 1655 2094 aures.

273 2140 495 2177 DUPLICI
527 2141 648 2178 modo
673 2139 879 2178 Phoenices
905 2138 1233 2190 multiplicantur,
1255 2138 1314 2175 vel
1345 2137 1579 2182 seminibus,
1603 2139 1663 2175 vel
1692 2140 1795 2177 taleis
1824 2154 1870 2178 ex

217 2202 357 2239 arbore
385 2202 540 2240 avulsis.

271 2280 439 2316 SEMINA
473 2279 548 2317 sive
581 2280 747 2317 ossicula
774 2280 865 2317 bina
890 2291 998 2318 terna
1017 2290 1082 2316 aut
1105 2288 1294 2329 quaterna
1323 2280 1438 2317 etiam
1469 2283 1669 2319 communi
1695 2282 1865 2327 foveolti,

215 2355 355 2392 parum
387 2341 586 2392 profunda
628 2341 758 2393 primo
791 2354 880 2378 vere
920 2341 1044 2378 telluri
1079 2339 1358 2386 com1nittunt3
1388 2344 1460 2391 (ἦ)
1495 2343 1608 2380 tertio
1644 2354 1772 2380 autem
1805 2345 1865 2381 vel

261 2466 317 2506 (ᾖ)
344 2467 475 2497 Senum·
491 2465 580 2506 ligna
597 2477 667 2506 quse
683 2467 715 2495 in
732 2465 890 2496 fructibus
907 2466 1019 2496 insunt
1034 2466 1109 2496 bina
1123 2465 1215 2506 juxta
1232 2467 1411 2508 composita
1426 2467 1548 2500 subter,
1565 2468 1709 2510 binaque
1726 2481 1864 2511 superne

215 2516 424 2556 colligentes,
441 2516 551 2545 omnia
570 2525 708 2556 prona...
737 2515 829 2545 Plura
845 2523 953 2546 autem
983 2515 1079 2544 simul
1102 2525 1251 2545 seruntur
1270 2516 1424 2556 quoniam
1447 2518 1526 2547 satio
1542 2518 1635 2548 unius
1655 2517 1778 2548 infirma
1807 2527 1860 2549 est.

214 2566 343 2596 Horum
360 2564 479 2594 radices
494 2564 646 2606 amplexu
664 2573 779 2594 mutuo
794 2573 1035 2594 connectuntur
1046 2573 1140 2605 atque
1157 2563 1245 2593 illico
1260 2564 1353 2603 primi
1370 2573 1453 2596 ortus
1469 2567 1648 2609 promiscui
1664 2566 1863 2599 coalescuntq

213 2622 247 2645 ut
264 2625 345 2646 unus
365 2625 402 2646 ex
430 2614 555 2645 cunctis
577 2614 702 2644 caudex
728 2613 927 2644 conficiatur.
964 2612 1094 2654 lecoplt.
1119 2614 1201 2644 Hist.
1221 2614 1238 2641 l.
1256 2622 1281 2642 2.
1300 2613 1365 2643 c.8.
