2419 3212
595 265 944 301 DIOECIA
1015 257 1571 297 PENTANDRIA.
1807 237 1909 287 365

322 379 471 428 Drupae
500 377 659 414 acidula:
701 375 786 414 Tum
810 391 830 414 a
853 375 1000 414 Mauris
1024 374 1282 426 appellantur.
1308 368 1473 407 Easdem
1496 363 1680 404 contritas
1702 375 1793 400 curn
1811 362 1910 399 Dac-

267 439 353 490 tylis
384 440 545 476 miscent
576 450 612 476 et
635 438 861 475 comedunt.

322 555 422 590 HAEC
445 555 563 590 arbor
582 553 621 588 in
645 551 742 589 arvis
769 552 940 588 arenosis
963 562 999 588 et
1020 549 1171 586 incultis
1192 561 1275 584 non
1301 547 1417 594 longe
1434 545 1482 581 ab
1506 543 1601 580 urbe
1621 542 1739 580 Cafsa
1767 541 1914 577 distan-

269 612 369 652 tibus
400 613 726 665 frequentissima.
751 612 886 647 Multae
922 624 991 661 per
1028 610 1207 646 ordinem
1238 609 1527 658 disponuntur,
1552 604 1657 640 unde
1695 613 1802 654 patet
1833 602 1914 637 illas

267 677 361 712 olim
388 676 509 712 cultas
540 673 653 711 fuisse
681 674 730 710 ab
754 672 904 709 incolis.
934 674 988 708 Ex
1017 670 1158 707 cortice
1187 669 1313 706 trunci
1339 678 1374 704 et
1393 679 1591 703 ramorum
1619 664 1702 700 fluit
1722 694 1730 707 ,
1756 662 1913 700 diversis

267 737 360 773 anni
387 735 681 786 tempestatibus
706 744 742 771 et
764 732 975 784 praesertim
997 742 1123 767 :estate
1146 760 1153 773 ‚
1193 742 1331 765 succus
1364 728 1557 764 resinosus
1585 756 1592 768 ,
1631 725 1709 761 aeri
1739 724 1915 760 indures-

268 811 358 835 cens
379 828 386 841 ,
418 797 558 848 pallide
590 796 709 833 flavus
729 825 736 838 ,
775 793 908 831 odoris
934 804 970 830 et
996 791 1144 843 saporis
1175 789 1376 826 aromatici
1400 801 1482 824 non
1506 785 1740 837 injucundi,
1764 799 1786 821 a
1818 785 1918 820 Mas-

268 859 367 895 tiche
394 858 572 895 orientali
610 858 674 894 vix
698 856 879 893 distincto
903 865 940 892 et
968 855 1109 891 eodem
1139 851 1300 888 nomine
1336 851 1455 886 chclc
1480 862 1501 884 a
1524 847 1672 884 Mauris
1703 845 1914 896 appellato.

268 919 463 969 Spissatur
497 919 537 955 in
571 919 738 955 lamellas
777 917 945 954 ramulos
981 915 1225 952 involventes
1253 942 1260 956 ,
1290 910 1350 948 vel
1388 909 1428 946 in
1466 908 1645 958 globulos
1687 906 1915 955 irregulares

269 980 437 1017 crassitie
452 991 487 1017 et
508 981 630 1016 formai
646 979 832 1020 diversos,
850 990 949 1027 scepe
967 976 1074 1025 digiti
1090 986 1153 1012 aut
1171 972 1321 1024 pollicis
1340 970 1620 1007 extremitatem
1634 968 1883 1017 adaeqtiantes
1907 996 1915 1009 ,

268 1055 438 1091 quorum
490 1039 673 1076 nonnulli
709 1052 753 1075 ex
798 1038 937 1074 arbore
984 1035 1172 1087 disjuncti
1208 1046 1277 1084 per
1319 1043 1458 1069 terram
1503 1039 1750 1081 sparguntur.
1803 1027 1915 1064 Hanc

268 1101 524 1138 substantiam
569 1100 775 1136 Autumno
820 1108 856 1134 et
911 1098 1062 1149 Hyeme
1118 1095 1305 1143 colligunt
1342 1093 1507 1129 Arabes.
1572 1091 1696 1127 Iidem
1739 1102 1829 1125 usus
1874 1101 1918 1124 ac

268 1162 478 1198 Mastiches
503 1175 549 1198 ex
572 1160 671 1196 Scio.
694 1159 867 1196 Eandem
895 1158 1089 1195 mandunt
1111 1167 1153 1192 ut
1178 1166 1305 1204 gratus
1329 1154 1431 1189 odor
1453 1153 1511 1189 ori
1535 1163 1572 1189 et
1606 1150 1792 1188 dentibus
1817 1148 1919 1185 nitor

269 1223 511 1259 concilietur.
556 1220 755 1257 Pistaciam
792 1218 1033 1256 Atlanticam
1063 1218 1112 1254 ad
1144 1216 1290 1253 radices
1325 1214 1519 1250 montium
1549 1225 1673 1263 prope
1718 1211 1888 1261 Mayane
1910 1239 1917 1252 ,

267 1284 454 1320 Tlemsen
478 1294 515 1319 et
545 1282 624 1319 aliis
654 1280 745 1317 locis
771 1280 988 1317 observavi.
1019 1280 1077 1315 Ibi
1106 1279 1223 1315 arbor
1248 1275 1483 1325 amplissima
1512 1304 1519 1317 ,
1559 1284 1595 1309 et
1627 1271 1806 1308 omnium
1833 1284 1917 1320 quae

268 1345 309 1380 in
325 1343 483 1380 Atlante
503 1352 681 1379 crescunt
703 1340 870 1376 maxima
884 1370 891 1383 ,
918 1340 984 1377 sed
1005 1353 1143 1376 succus·
1161 1338 1354 1374 resinosus
1386 1350 1403 1373 e
1421 1335 1561 1373 cortice
1579 1335 1723 1371 stillans
1744 1332 1898 1369 mollior
1912 1362 1919 1374 ,

268 1404 400 1441 odoris
418 1414 454 1440 et
476 1403 623 1453 saporis
648 1402 771 1437 minus
795 1401 890 1449 grati
914 1412 950 1437 et
973 1400 1131 1436 demum
1153 1398 1297 1435 indolis
1323 1398 1482 1434 diversae
1506 1397 1555 1433 ab
1576 1408 1621 1433 eo
1653 1394 1720 1445 qui
1743 1394 1783 1429 in
1804 1393 1918 1429 arbo-

268 1465 373 1501 ribus
401 1463 540 1500 deserti
569 1461 760 1511 colligitur
790 1476 799 1505 3
835 1462 943 1512 quod
977 1461 1118 1497 climati
1157 1460 1285 1496 minus
1330 1459 1455 1495 calido
1479 1458 1639 1507 soloque
1666 1453 1862 1506 pinguiori
1884 1463 1920 1490 et

266 1525 482 1562 humidiori
512 1523 780 1561 tribuendum.
806 1522 908 1559 Folia
935 1522 1038 1571 gallis
1062 1520 1217 1563 crassis,
1243 1520 1423 1557 rotundis
1444 1549 1452 1563 ‚
1484 1517 1719 1556 rubentibus
1739 1546 1746 1559 ‚
1776 1515 1916 1552 baccas

268 1585 526 1624 referentibus
551 1598 763 1636 conspersa
792 1598 876 1620 non
898 1597 985 1621 raro
1008 1584 1283 1622 observantur.

573 1705 1000 1744 PISTACIA
1095 1701 1612 1742 LENTISCUS.

268 1821 468 1856 PISTACIA
499 1817 597 1854 foliis
624 1818 790 1868 abrupte
814 1817 1012 1868 pinnatis·7
1040 1815 1179 1853 foliolis
1203 1812 1442 1851 lanceolatis.
1470 1814 1552 1848 Lin.
1577 1811 1675 1858 Sper.
1703 1805 1822 1854 1455.

269 1881 470 1918 Lentiscus
495 1879 673 1928 vulgaris.
707 1881 749 1914 C.
779 1880 824 1915 B.
846 1880 930 1915 Pin.
957 1878 1048 1925 339.
1069 1900 1120 1906 —
1141 1876 1182 1914 T.
1208 1878 1300 1912 Inst.
1323 1873 1415 1911 580.
1432 1874 1660 1909 —Dulzann
1684 1869 1790 1907 Arhr.
1826 1881 1857 1906 1.
1876 1876 1913 1918 p.

325 1940 416 1987 354.
445 1946 468 1976 t.
499 1939 585 1976 136.
610 1941 852 1991 —nJ‘orcstom
878 1941 979 1976 ΗΜ.
1008 1949 1098 1986 297.
1123 1943 1148 1974 t.
1175 1937 1237 1983 84.

270 2002 484 2039 Lentiscus.
517 2003 613 2037 Clus.
649 2002 750 2037 ΗΜ.
781 2012 840 2046 14.
878 2001 1111 2036 Ic.—-D0(l.
1136 2000 1273 2047 Pcmpt.
1299 1997 1389 2042 871.
1427 1997 1548 2032 Ic.-
1566 1995 1705 2029 Camer.
1728 1993 1828 2040 Epic.
1852 1988 1917 2027 50.

326 2065 380 2100 Ic.
406 2063 680 2098 bom—Lol).
707 2064 759 2097 Ic.
787 2072 822 2098 2.
852 2068 890 2109 p.
914 2062 1049 2108 96.-
1068 2058 1217 2097 fabem.
1251 2060 1306 2096 Ic.
1336 2055 1671 2095 ima—Manli.
1699 2054 1799 2089 Com.
1830 2049 1916 2088 105.

326 2126 379 2160 lc.
402 2124 610 2160 —Rlakzffi
644 2127 669 2157 t.
702 2119 787 2168 195.

273 2186 324 2222 Le
352 2183 574 2233 Lentisque.
607 2184 804 2229 Rvgnaulc.
829 2183 914 2218 Boc.
938 2184 991 2219 Ic.

328 2300 485 2336 ARBOR
517 2311 609 2345 4-
629 2295 650 2332 5
684 2308 823 2341 metr.;
859 2297 1001 2334 cortice
1034 2311 1177 2346 rugoso
1207 2308 1243 2335 et
1281 2296 1549 2334 tuberculoso.
1573 2293 1687 2331 Rami
1722 2292 1915 2336 tortuosi,

272 2360 494 2403 numerosi,
525 2359 564 2394 in
596 2372 749 2395 comam
772 2358 1058 2395 subrotundam
1091 2359 1271 2395 conferti.
1300 2358 1403 2395 folia
1426 2355 1685 2408 perennantia
1711 2385 1718 2398 ,
1751 2355 1916 2404 abrupte

273 2423 448 2472 pinnata.
481 2420 647 2456 Petiolus
677 2433 846 2470 superne
875 2419 1391 2470 canaliculato-coinpressus
1412 2449 1420 2463 ,
1454 2419 1545 2454 hinc
1576 2428 1611 2454 et
1641 2416 1732 2452 inde
1759 2416 1816 2451 ala
1835 2416 1919 2452 bre-

273 2483 424 2519 vissima
445 2481 604 2518 cinctus.
629 2481 773 2517 Foliola
797 2480 929 2530 glabra
951 2511 958 2523 ‚
977 2480 1158 2530 opposita
1181 2491 1248 2516 aut
1271 2480 1437 2521 alterna,
1459 2479 1586 2520 laevia,
1614 2477 1756 2525 rigida,
1783 2476 1919 2512 subtus

274 2543 477 2594 pallidiora
505 2572 511 2585 .,
545 2541 625 2578 basi
656 2552 852 2578 attenuata
883 2571 889 2584 ‚
925 2541 1199 2589 integerrima,
1228 2541 1441 2577 lanceolata
1469 2570 1476 2582 ‚
1511 2540 1650 2575 obtusa
1682 2547 1746 2574 aut
1779 2547 1917 2578 acuta,

275 2616 504 2642 mucronata
524 2634 531 2647 ,
562 2615 580 2641 2
610 2603 823 2640 centimetr.
861 2602 979 2650 longa
1003 2632 1011 2645 ,
1050 2604 1069 2639 8
1088 2624 1141 2630 —
1161 2613 1204 2640 12
1233 2601 1442 2639 millimetr.
1469 2601 1557 2638 lata.
1597 2600 1726 2636 Flores
1759 2598 1918 2635 masculi
