2419 3212
530 255 626 302 442
1084 249 1615 283 APPENDIX.

531 353 584 390 sic
599 350 748 389 satiatas
767 347 956 398 majorem
987 347 1187 384 fructuum
1216 346 1434 383 ubertatem
1460 345 1557 382 ferre
1581 344 1758 381 credunt.
1788 345 1954 395 Duplex
1970 344 2030 382 illa
2051 346 2188 398 impre-

531 412 663 463 gnatio
684 421 830 447 summe
853 407 997 445 inutilis
1016 437 1023 451 ,
1042 407 1070 445 si
1093 408 1218 459 prima
1236 407 1318 445 vice
1340 405 1594 445 convenienti
1614 406 1736 443 modo
1756 416 1911 457 peracta
1934 407 2059 444 fuerit.

586 505 724 539 PALM
738 511 766 537 Αἱ
784 500 962 538 masculae
992 499 1033 536 in
1054 499 1199 537 vicinio
1217 500 1477 537 Palmetorum
1497 497 1776 535 foemineorum
1798 505 1885 533 satce
1900 525 1908 539 ‚
1930 496 2030 533 auris
2055 497 2187 534 faven-

532 564 660 607 tibus,
689 561 1010 600 fecundationem
1042 574 1276 612 promovere
1321 571 1485 612 possent
1519 569 1556 596 et
1586 557 1708 610 reipsa
1751 558 1791 594 in
1825 557 2059 608 quibusdam
2092 558 2186 594 locis

529 619 790 675 promovent,
815 621 884 658 sed
909 621 1026 670 longa
1055 633 1275 673 temporum
1299 620 1541 673 experientia
1568 618 1727 662 docuit,
1751 618 1925 669 priorem
1951 619 2186 655 methodum

528 685 645 734 longe
668 683 873 721 certiorem
889 712 897 725 ,
920 693 956 719 et
985 695 1067 719 rem
1089 683 1179 720 aleae
1210 684 1368 735 plenam
1398 683 1578 734 gentibus
1603 681 1644 717 in
1666 680 1751 717 imis
1775 679 1934 717 desertis
1966 680 2187 717 viventibus

530 756 565 782 et
595 757 712 781 omne
746 743 1030 780 nutrimentum
1065 758 1087 781 a
1118 745 1202 781 solo
1233 745 1417 782 Phoenice
1454 742 1774 794 expectantibus,
1811 742 2029 778 ubertatem
2061 742 2185 779 ventis

529 805 770 843 committere
786 835 793 848 ‚
812 804 877 855 qui
900 818 921 841 a
943 804 1111 842 foeminis
1131 806 1333 856 pulverem
1352 805 1609 842 masculinum
1631 814 1802 839 avertere
1825 813 1861 839 et
1884 802 2066 839 aliorsum
2087 803 2185 840 ferre

528 877 712 917 possunt,
728 877 793 903 aut
808 866 1142 903 foecundationent
1160 881 1242 903 non
1258 867 1442 917 adjuvare
1459 865 1488 902 si
1504 864 1677 916 perfecta
1693 863 1967 914 tranquillitate
1980 864 2187 913 gaudeant.

589 957 958 995 ARTIFICIALIS
1000 957 1220 994 Palmarum
1254 956 1528 1008 impraegnatio
1565 954 1835 1004 antiquissima
1870 964 1907 990 et
1943 954 2138 1005 descripta
2168 969 2190 991 a

532 1019 814 1070 Theophrasto
834 1049 842 1062 ,
863 1019 887 1054 l.
910 1031 945 1056 2.
978 1032 1010 1054 c.
1035 1029 1071 1064 4.
1107 1029 1142 1055 et
1168 1032 1189 1055 a
1220 1017 1347 1055 Plinio
1383 1017 1423 1053 in
1458 1015 1620 1053 historia
1652 1015 1791 1052 mundi
1813 1045 1820 1059 ,
1840 1015 1865 1052 1.
1895 1015 1955 1051 13.
1989 1030 2021 1052 c.
2047 1027 2082 1061 4.
2120 1016 2187 1066 qui

531 1080 804 1118 memorabilia
824 1080 871 1117 de
890 1080 1108 1117 Palmarum
1130 1079 1428 1117 foecundatione
1452 1089 1489 1115 et
1511 1077 1673 1114 aliarum
1706 1077 1822 1113 etiam
1847 1077 2074 1126 plantarum
2098 1089 2189 1113 sexu

530 1153 662 1179 narrat
692 1155 778 1193 quae
809 1141 874 1178 hic
910 1141 1053 1178 referre
1084 1153 1167 1177 non
1198 1152 1536 1192 supervacaneum
1566 1138 1741 1190 judicavi
1766 1153 1772 1174 :
1802 1155 1828 1173 aa
1860 1137 2084 1174 Arboribus
2110 1137 2189 1173 imo

530 1220 556 1238 aa
587 1202 719 1253 potius
754 1201 938 1239 omnibus
976 1216 1063 1252 quae
1096 1213 1196 1239 terra
1231 1201 1378 1251 gignit,
1405 1200 1616 1250 herbisque
1649 1199 1790 1243 etiam,
1818 1210 2026 1249 utrumque
2057 1212 2189 1235 sexum

527 1280 554 1299 99
587 1278 667 1301 esse
692 1263 975 1313 diligentissimi
1004 1274 1151 1300 naturce
1181 1263 1361 1306 tradunt7
1386 1262 1494 1313 quod
1523 1263 1562 1298 in
1584 1261 1746 1312 plenum
1771 1260 1857 1296 satis
1882 1260 1929 1296 sit
1952 1259 2090 1296 dixisse
2113 1260 2188 1295 hoc

529 1343 556 1362 υ
586 1326 688 1361 loco.
721 1325 848 1361 Nullis
880 1335 1009 1361 tamen
1034 1324 1245 1360 arboribus
1267 1321 1508 1360 manifestius
1536 1326 1680 1373 (quam
1701 1322 1912 1369 Palmae)...
1939 1322 2082 1357 Cetero
2106 1333 2189 1356 non

527 1405 553 1423 aa
584 1388 666 1424 sine
707 1386 878 1423 maribus
920 1387 1074 1435 gignere
1119 1385 1324 1428 foeminas,
1363 1385 1543 1434 circaque
1592 1383 1763 1431 singulos
1805 1383 1935 1433 plures
1974 1392 2112 1417 nutare
2149 1381 2189 1416 in

526 1466 554 1485 ο,
584 1462 671 1485 eum
710 1460 855 1499 pronas
891 1447 1164 1484 blandioribus
1199 1445 1332 1482 comis.
1372 1445 1486 1481 Illum
1518 1443 1653 1481 erectis
1677 1435 1903 1493 hispidum,
1927 1441 2056 1478 afflatu
2089 1441 2190 1477 visu-

528 1528 555 1547 a,
588 1522 661 1560 que
679 1540 686 1552 ,
704 1509 790 1559 ipso
811 1519 847 1545 et
865 1507 1024 1559 pulvere
1043 1507 1158 1544 etiam
1182 1505 1360 1544 foeminas
1385 1504 1562 1543 maritare
1577 1535 1584 1549 ,
1602 1504 1718 1555 hujus
1741 1504 1880 1541 arbore
1905 1503 2030 1540 excisa
2052 1502 2187 1539 viduas

528 1589 555 1607 υ
586 1581 676 1622 post
704 1570 938 1607 sterilescere
972 1568 1164 1605 foeminas.
1209 1567 1404 1617 Adeoque
1434 1576 1489 1603 est
1527 1566 1677 1603 veneris
1716 1565 1933 1602 intellectus
1954 1594 1961 1608 ,
1988 1574 2029 1600 ut
2064 1563 2188 1599 coitus

527 1650 554 1667 υ
586 1632 700 1668 etiarn
733 1630 971 1679 excogitatus
995 1629 1040 1666 sit
1061 1630 1110 1666 ab
1132 1629 1293 1666 homine
1318 1642 1364 1665 ex
1387 1627 1558 1665 maribus
1583 1626 1676 1664 flore
1713 1641 1755 1664 ac
1793 1625 1977 1675 lanugine
1997 1654 2005 1668 ,
2034 1624 2189 1661 interim

528 1710 554 1729 a>
584 1706 677 1730 vero
717 1702 871 1728 tantum
903 1691 1061 1741 pulvere
1096 1690 1274 1741 insperso
1306 1688 1489 1726 foeminis.
1525 1705 1551 1723 a,

583 1779 646 1815 ET
678 1776 931 1815 Claudianus.

723 1871 854 1903 Vivunt
872 1871 906 1902 in
925 1881 1079 1902 venerem
1102 1869 1251 1907 frondes,
1273 1870 1457 1914 omnisque
1476 1867 1623 1901 vicissim

727 1926 837 1958 Foelix
863 1926 965 1958 arbor
986 1935 1097 1964 amat,
1122 1936 1243 1959 nutant
1268 1927 1311 1959 ad
1335 1936 1455 1958 mutua
1478 1925 1601 1967 palmae

726 1980 864 2013 Foedera
881 1993 887 2019 ;
908 1981 1062 2024 populeo
1082 1980 1228 2025 suspirat
1250 1981 1401 2025 populus
1428 1982 1497 2013 ictu
1511 2008 1518 2019 ‚

725 2036 766 2068 Et
789 2036 919 2080 platani
945 2036 1108 2079 platanis,
1130 2035 1295 2079 Alnoque
1317 2035 1470 2068 assibilat
1494 2036 1614 2068 Alnus.

584 2122 787 2158 DUARUM
822 2121 1043 2158 Palmarum
1087 2132 1238 2157 amores
1276 2119 1451 2156 versibus
1487 2117 1778 2169 elegantissimis
1812 2117 1955 2155 cecinit
1983 2119 2183 2154 Pontanus

531 2196 695 2233 quarum
732 2182 900 2218 mascula
937 2180 1152 2218 Brundusii
1178 2191 1280 2223 sata,
1306 2180 1463 2217 foemina
1493 2180 1710 2232 Hydrunti.
1736 2178 1816 2216 Diu
1839 2179 1983 2216 steriles
2007 2179 2187 2221 fuerunt,

529 2244 596 2282 sed
617 2258 706 2282 cum
723 2244 862 2281 adultae
877 2273 885 2286 ⁷
915 2243 1093 2295 quamvis
1118 2243 1239 2291 longo
1269 2253 1392 2279 tractu
1416 2242 1557 2280 dissitae
1572 2272 1580 2286 ,
1599 2241 1759 2279 foemina
1783 2240 1930 2278 fructus
1953 2239 2130 2291 protulit.

725 2343 962 2376 Bnuxvnusu
996 2341 1070 2374 latis
1100 2341 1201 2384 longe
1229 2340 1327 2372 viret
1348 2341 1452 2373 ardua
1484 2341 1574 2374 terris

836 2397 968 2435 Arbor⁷
988 2397 1144 2429 idumzeis
1172 2408 1281 2440 usque
1309 2397 1409 2440 petita
1434 2397 1526 2429 locis.

727 2453 840 2486 Altera
872 2453 1091 2498 hydruntinis
1122 2453 1156 2484 in
1185 2452 1324 2484 saltibus
1354 2453 1477 2485 aemula
1507 2454 1646 2497 palmae,

834 2508 895 2541 Illa
920 2508 1033 2540 virum
1062 2506 1226 2544 referens,
1248 2507 1319 2539 haec
1348 2508 1514 2540 muliebre
1539 2510 1654 2542 decus.

726 2563 810 2597 Non
840 2575 912 2595 uno
942 2575 1072 2596 crevere
1101 2564 1196 2601 solo,
1216 2563 1416 2596 distantibus
1443 2564 1548 2607 agris,

830 2618 938 2652 Nulla
972 2619 1038 2651 loci
1071 2618 1188 2658 facies,
1208 2630 1268 2651 nec
1296 2619 1426 2653 socialis
1448 2631 1556 2653 amor.
