<?xml version="1.0" encoding="UTF-8"?>
<!DOCTYPE html PUBLIC "-//W3C//DTD XHTML 1.0 Transitional//EN"
    "http://www.w3.org/TR/xhtml1/DTD/xhtml1-transitional.dtd">
<html xmlns="http://www.w3.org/1999/xhtml" xml:lang="en" lang="en">
 <head>
  <title>
</title>
<meta http-equiv="Content-Type" content="text/html;charset=utf-8" />
  <meta name='ocr-system' content='tesseract 3.04.00' />
  <meta name='ocr-capabilities' content='ocr_page ocr_carea ocr_par ocr_line ocrx_word'/>
</head>
<body>
  <div class='ocr_page' id='page_1' title='image "./floraatlanticasi02desf_0451.png"; bbox 0 0 2419 3212; ppageno 0'>
   <div class='ocr_carea' id='block_1_1' title="bbox 782 253 1857 298">
    <p class='ocr_par' dir='ltr' id='par_1_1' title="bbox 782 253 1857 298">
     <span class='ocr_line' id='line_1_1' title="bbox 782 253 1857 298; baseline -0.001 -11"><span class='ocrx_word' id='word_1_1' title='bbox 782 254 1305 288; x_wconf 72' lang='grc' dir='ltr'>ΑΡΡΕΝΒΙΧ.</span> <span class='ocrx_word' id='word_1_2' title='bbox 1765 253 1857 298; x_wconf 70' lang='lat'>441</span> 
     </span>
    </p>
   </div>
   <div class='ocr_carea' id='block_1_2' title="bbox 213 345 1861 1057">
    <p class='ocr_par' dir='ltr' id='par_1_2' title="bbox 213 345 1861 1057">
     <span class='ocr_line' id='line_1_2' title="bbox 270 345 1858 400; baseline -0.001 -15"><span class='ocrx_word' id='word_1_3' title='bbox 270 349 506 386; x_wconf 78' lang='lat' dir='ltr'><strong>CORTICE</strong></span> <span class='ocrx_word' id='word_1_4' title='bbox 529 349 688 400; x_wconf 75' lang='lat' dir='ltr'>proprie</span> <span class='ocrx_word' id='word_1_5' title='bbox 717 349 825 387; x_wconf 92' lang='lat' dir='ltr'>dicto</span> <span class='ocrx_word' id='word_1_6' title='bbox 848 351 1005 388; x_wconf 84' lang='lat' dir='ltr'>vestitus</span> <span class='ocrx_word' id='word_1_7' title='bbox 1029 351 1178 387; x_wconf 78' lang='lat' dir='ltr'><strong>caudex</strong></span> <span class='ocrx_word' id='word_1_8' title='bbox 1201 363 1284 385; x_wconf 93' lang='lat' dir='ltr'>non</span> <span class='ocrx_word' id='word_1_9' title='bbox 1306 358 1383 391; x_wconf 86' lang='lat' dir='ltr'>cst,</span> <span class='ocrx_word' id='word_1_10' title='bbox 1412 360 1482 385; x_wconf 91' lang='lat' dir='ltr'>nec</span> <span class='ocrx_word' id='word_1_11' title='bbox 1514 345 1712 384; x_wconf 79' lang='lat' dir='ltr'>crassescit</span> <span class='ocrx_word' id='word_1_12' title='bbox 1747 348 1858 384; x_wconf 89' lang='lat' dir='ltr'>novis</span> 
     </span>
     <span class='ocr_line' id='line_1_3' title="bbox 213 406 1861 460; baseline 0.001 -17"><span class='ocrx_word' id='word_1_13' title='bbox 213 406 402 446; x_wconf 70' lang='lat' dir='ltr'>fibrarum</span> <span class='ocrx_word' id='word_1_14' title='bbox 418 410 542 447; x_wconf 89' lang='lat' dir='ltr'>stratis</span> <span class='ocrx_word' id='word_1_15' title='bbox 567 410 668 446; x_wconf 91' lang='lat' dir='ltr'>intus</span> <span class='ocrx_word' id='word_1_16' title='bbox 687 410 842 447; x_wconf 86' lang='lat' dir='ltr'>additis.</span> <span class='ocrx_word' id='word_1_17' title='bbox 875 412 1103 448; x_wconf 82' lang='lat' dir='ltr'>Coronatur</span> <span class='ocrx_word' id='word_1_18' title='bbox 1125 412 1237 447; x_wconf 72' lang='lat' dir='ltr'>coma</span> <span class='ocrx_word' id='word_1_19' title='bbox 1268 409 1454 446; x_wconf 72' lang='lat' dir='ltr'>frondosa</span> <span class='ocrx_word' id='word_1_20' title='bbox 1469 439 1476 452; x_wconf 90' lang='lat'><strong>‚</strong></span> <span class='ocrx_word' id='word_1_21' title='bbox 1502 418 1744 460; x_wconf 89' lang='lat' dir='ltr'>perennante</span> <span class='ocrx_word' id='word_1_22' title='bbox 1760 438 1767 452; x_wconf 79' lang='lat'>,</span> <span class='ocrx_word' id='word_1_23' title='bbox 1786 409 1861 445; x_wconf 90' lang='lat' dir='ltr'>ele-</span> 
     </span>
     <span class='ocr_line' id='line_1_4' title="bbox 214 470 1861 522; baseline 0 -17"><span class='ocrx_word' id='word_1_24' title='bbox 214 471 434 517; x_wconf 74' lang='lat' dir='ltr'>gantissima</span> <span class='ocrx_word' id='word_1_25' title='bbox 450 482 486 508; x_wconf 91' lang='lat' dir='ltr'>et</span> <span class='ocrx_word' id='word_1_26' title='bbox 503 470 817 522; x_wconf 86' lang='lat' dir='ltr'>sempervirente.</span> <span class='ocrx_word' id='word_1_27' title='bbox 847 472 952 508; x_wconf 88' lang='lat' dir='ltr'>Folia</span> <span class='ocrx_word' id='word_1_28' title='bbox 970 472 1251 522; x_wconf 80' lang='lat' dir='ltr'>quinquaginta</span> <span class='ocrx_word' id='word_1_29' title='bbox 1266 501 1273 514; x_wconf 90' lang='lat'><strong>‚</strong></span> <span class='ocrx_word' id='word_1_30' title='bbox 1293 470 1532 521; x_wconf 81' lang='lat' dir='ltr'>quandoque</span> <span class='ocrx_word' id='word_1_31' title='bbox 1549 470 1661 520; x_wconf 80' lang='lat' dir='ltr'>plura</span> <span class='ocrx_word' id='word_1_32' title='bbox 1677 480 1740 506; x_wconf 89' lang='lat' dir='ltr'>aut</span> <span class='ocrx_word' id='word_1_33' title='bbox 1765 483 1861 520; x_wconf 89' lang='lat' dir='ltr'>pau-</span> 
     </span>
     <span class='ocr_line' id='line_1_5' title="bbox 216 529 1858 581; baseline 0.002 -17"><span class='ocrx_word' id='word_1_34' title='bbox 216 529 335 573; x_wconf 74' lang='lat' dir='ltr'>ciora,</span> <span class='ocrx_word' id='word_1_35' title='bbox 358 529 473 576; x_wconf 64' lang='grc'>4-5</span> <span class='ocrx_word' id='word_1_36' title='bbox 499 542 607 568; x_wconf 89' lang='lat' dir='ltr'>metr.</span> <span class='ocrx_word' id='word_1_37' title='bbox 640 532 758 581; x_wconf 83' lang='lat' dir='ltr'>longa</span> <span class='ocrx_word' id='word_1_38' title='bbox 777 546 787 575; x_wconf 77' lang='lat'>3</span> <span class='ocrx_word' id='word_1_39' title='bbox 810 531 949 567; x_wconf 85' lang='lat' dir='ltr'>foliolis</span> <span class='ocrx_word' id='word_1_40' title='bbox 975 531 1197 567; x_wconf 84' lang='lat' dir='ltr'>lanceolatis</span> <span class='ocrx_word' id='word_1_41' title='bbox 1216 562 1224 574; x_wconf 77' lang='grc'>,</span> <span class='ocrx_word' id='word_1_42' title='bbox 1245 531 1447 573; x_wconf 73' lang='lat' dir='ltr'>concavis,</span> <span class='ocrx_word' id='word_1_43' title='bbox 1473 531 1612 574; x_wconf 89' lang='lat' dir='ltr'>acutis,</span> <span class='ocrx_word' id='word_1_44' title='bbox 1632 529 1858 581; x_wconf 81' lang='lat' dir='ltr'><strong>pectinatim</strong></span> 
     </span>
     <span class='ocr_line' id='line_1_6' title="bbox 216 591 1859 642; baseline 0.001 -15"><span class='ocrx_word' id='word_1_45' title='bbox 216 591 426 642; x_wconf 83' lang='lat' dir='ltr'>dispositis.</span> <span class='ocrx_word' id='word_1_46' title='bbox 460 592 624 629; x_wconf 82' lang='lat' dir='ltr'>Novella</span> <span class='ocrx_word' id='word_1_47' title='bbox 653 592 742 628; x_wconf 88' lang='lat' dir='ltr'>folia</span> <span class='ocrx_word' id='word_1_48' title='bbox 766 591 975 641; x_wconf 78' lang='lat' dir='ltr'>quotannis</span> <span class='ocrx_word' id='word_1_49' title='bbox 1001 605 1019 627; x_wconf 90' lang='lat' dir='ltr'>e</span> <span class='ocrx_word' id='word_1_50' title='bbox 1052 605 1155 628; x_wconf 91' lang='lat' dir='ltr'>cono</span> <span class='ocrx_word' id='word_1_51' title='bbox 1183 592 1342 628; x_wconf 85' lang='lat' dir='ltr'>centrali</span> <span class='ocrx_word' id='word_1_52' title='bbox 1371 602 1592 641; x_wconf 77' lang='lat' dir='ltr'>emergunt,</span> <span class='ocrx_word' id='word_1_53' title='bbox 1617 591 1859 642; x_wconf 88' lang='lat' dir='ltr'>totidemque</span> 
     </span>
     <span class='ocr_line' id='line_1_7' title="bbox 216 652 1859 703; baseline 0.001 -16"><span class='ocrx_word' id='word_1_54' title='bbox 216 652 397 689; x_wconf 83' lang='lat' dir='ltr'>inferiora</span> <span class='ocrx_word' id='word_1_55' title='bbox 418 654 658 690; x_wconf 82' lang='lat' dir='ltr'>exsiccantur</span> <span class='ocrx_word' id='word_1_56' title='bbox 678 663 713 689; x_wconf 91' lang='lat' dir='ltr'>et</span> <span class='ocrx_word' id='word_1_57' title='bbox 736 652 957 688; x_wconf 88' lang='lat' dir='ltr'>moriuntur</span> <span class='ocrx_word' id='word_1_58' title='bbox 971 682 979 695; x_wconf 73' lang='lat'>‚</span> <span class='ocrx_word' id='word_1_59' title='bbox 997 663 1145 702; x_wconf 89' lang='lat' dir='ltr'>septem</span> <span class='ocrx_word' id='word_1_60' title='bbox 1170 663 1262 689; x_wconf 84' lang='lat' dir='ltr'>teste</span> <span class='ocrx_word' id='word_1_61' title='bbox 1283 652 1511 703; x_wconf 88' lang='lat' dir='ltr'>Kempfero.</span> <span class='ocrx_word' id='word_1_62' title='bbox 1545 652 1711 689; x_wconf 89' lang='lat' dir='ltr'>Petiolos</span> <span class='ocrx_word' id='word_1_63' title='bbox 1735 665 1859 689; x_wconf 82' lang='lat' dir='ltr'>ernar-</span> 
     </span>
     <span class='ocr_line' id='line_1_8' title="bbox 215 712 1858 764; baseline 0 -14"><span class='ocrx_word' id='word_1_64' title='bbox 215 713 323 750; x_wconf 91' lang='lat' dir='ltr'>cidos</span> <span class='ocrx_word' id='word_1_65' title='bbox 345 744 353 757; x_wconf 85' lang='lat'>,</span> <span class='ocrx_word' id='word_1_66' title='bbox 384 726 573 751; x_wconf 88' lang='lat' dir='ltr'>autumno</span> <span class='ocrx_word' id='word_1_67' title='bbox 614 723 679 749; x_wconf 90' lang='lat' dir='ltr'>aut</span> <span class='ocrx_word' id='word_1_68' title='bbox 719 713 859 764; x_wconf 81' lang='lat' dir='ltr'><strong>hyeme</strong></span> <span class='ocrx_word' id='word_1_69' title='bbox 880 741 888 755; x_wconf 71' lang='lat'>⁷</span> <span class='ocrx_word' id='word_1_70' title='bbox 912 712 1030 761; x_wconf 87' lang='lat' dir='ltr'>paulo</span> <span class='ocrx_word' id='word_1_71' title='bbox 1069 725 1186 762; x_wconf 88' lang='lat' dir='ltr'>supra</span> <span class='ocrx_word' id='word_1_72' title='bbox 1228 713 1351 750; x_wconf 83' lang='lat' dir='ltr'>basim</span> <span class='ocrx_word' id='word_1_73' title='bbox 1391 725 1578 750; x_wconf 87' lang='lat' dir='ltr'>resecant.</span> <span class='ocrx_word' id='word_1_74' title='bbox 1616 713 1668 748; x_wconf 88' lang='lat' dir='ltr'>Hi</span> <span class='ocrx_word' id='word_1_75' title='bbox 1700 714 1858 763; x_wconf 85' lang='lat' dir='ltr'>pollices</span> 
     </span>
     <span class='ocr_line' id='line_1_9' title="bbox 215 773 1860 826; baseline 0 -15"><span class='ocrx_word' id='word_1_76' title='bbox 215 775 426 813; x_wconf 79' lang='lat' dir='ltr'>diutissime</span> <span class='ocrx_word' id='word_1_77' title='bbox 468 785 727 826; x_wconf 78' lang='lat' dir='ltr'><strong>perennantes</strong></span> <span class='ocrx_word' id='word_1_78' title='bbox 749 804 757 816; x_wconf 77' lang='lat'>,</span> <span class='ocrx_word' id='word_1_79' title='bbox 791 773 931 809; x_wconf 85' lang='lat' dir='ltr'>scalam</span> <span class='ocrx_word' id='word_1_80' title='bbox 961 786 1034 823; x_wconf 91' lang='lat' dir='ltr'>pro</span> <span class='ocrx_word' id='word_1_81' title='bbox 1080 773 1217 809; x_wconf 83' lang='lat' dir='ltr'>Palmis</span> <span class='ocrx_word' id='word_1_82' title='bbox 1255 775 1570 811; x_wconf 89' lang='lat' dir='ltr'>conscendendis</span> <span class='ocrx_word' id='word_1_83' title='bbox 1610 775 1860 812; x_wconf 79' lang='lat' dir='ltr'>commodam</span> 
     </span>
     <span class='ocr_line' id='line_1_10' title="bbox 214 833 1858 887; baseline 0 -14"><span class='ocrx_word' id='word_1_84' title='bbox 214 837 393 887; x_wconf 64' lang='lat' dir='ltr'>praebent</span> <span class='ocrx_word' id='word_1_85' title='bbox 412 866 420 878; x_wconf 80' lang='grc'>,</span> <span class='ocrx_word' id='word_1_86' title='bbox 443 836 548 874; x_wconf 83' lang='lat' dir='ltr'>fibris</span> <span class='ocrx_word' id='word_1_87' title='bbox 570 847 699 872; x_wconf 87' lang='lat' dir='ltr'>tamen</span> <span class='ocrx_word' id='word_1_88' title='bbox 720 835 840 884; x_wconf 81' lang='lat' dir='ltr'>longo</span> <span class='ocrx_word' id='word_1_89' title='bbox 862 845 1085 884; x_wconf 89' lang='lat' dir='ltr'>temporum</span> <span class='ocrx_word' id='word_1_90' title='bbox 1107 833 1308 871; x_wconf 84' lang='lat' dir='ltr'>intervallo</span> <span class='ocrx_word' id='word_1_91' title='bbox 1328 835 1591 872; x_wconf 80' lang='lat' dir='ltr'>arescentibus</span> <span class='ocrx_word' id='word_1_92' title='bbox 1613 846 1650 871; x_wconf 90' lang='lat' dir='ltr'>et</span> <span class='ocrx_word' id='word_1_93' title='bbox 1673 835 1858 886; x_wconf 81' lang='lat' dir='ltr'>disruptis</span> 
     </span>
     <span class='ocr_line' id='line_1_11' title="bbox 215 895 1859 945; baseline 0 -12"><span class='ocrx_word' id='word_1_94' title='bbox 215 898 374 934; x_wconf 88' lang='lat' dir='ltr'>tandem</span> <span class='ocrx_word' id='word_1_95' title='bbox 397 898 584 935; x_wconf 90' lang='lat' dir='ltr'>secedunt</span> <span class='ocrx_word' id='word_1_96' title='bbox 609 912 615 933; x_wconf 83' lang='lat'>2</span> <span class='ocrx_word' id='word_1_97' title='bbox 646 907 737 933; x_wconf 89' lang='lat' dir='ltr'>tunc</span> <span class='ocrx_word' id='word_1_98' title='bbox 769 896 905 932; x_wconf 88' lang='lat' dir='ltr'>annuli</span> <span class='ocrx_word' id='word_1_99' title='bbox 935 895 1206 932; x_wconf 84' lang='lat' dir='ltr'>transversales</span> <span class='ocrx_word' id='word_1_100' title='bbox 1236 908 1374 945; x_wconf 85' lang='lat' dir='ltr'>parum</span> <span class='ocrx_word' id='word_1_101' title='bbox 1402 895 1538 932; x_wconf 87' lang='lat' dir='ltr'>elevati</span> <span class='ocrx_word' id='word_1_102' title='bbox 1566 907 1604 932; x_wconf 88' lang='lat' dir='ltr'>et</span> <span class='ocrx_word' id='word_1_103' title='bbox 1625 897 1797 945; x_wconf 81' lang='lat' dir='ltr'>contigui</span> <span class='ocrx_word' id='word_1_104' title='bbox 1819 897 1859 933; x_wconf 91' lang='lat' dir='ltr'>in</span> 
     </span>
     <span class='ocr_line' id='line_1_12' title="bbox 214 955 1857 1010; baseline -0.001 -14"><span class='ocrx_word' id='word_1_105' title='bbox 214 970 354 996; x_wconf 92' lang='lat' dir='ltr'>trunco</span> <span class='ocrx_word' id='word_1_106' title='bbox 377 970 589 1010; x_wconf 74' lang='lat' dir='ltr'>apparent„</span> <span class='ocrx_word' id='word_1_107' title='bbox 609 958 674 1009; x_wconf 91' lang='lat' dir='ltr'>qui</span> <span class='ocrx_word' id='word_1_108' title='bbox 701 958 901 1007; x_wconf 86' lang='lat' dir='ltr'>antiquam</span> <span class='ocrx_word' id='word_1_109' title='bbox 932 956 1171 1006; x_wconf 86' lang='lat' dir='ltr'>petiolorum</span> <span class='ocrx_word' id='word_1_110' title='bbox 1198 955 1451 993; x_wconf 83' lang='lat' dir='ltr'><strong>insertionem</strong></span> <span class='ocrx_word' id='word_1_111' title='bbox 1479 956 1653 994; x_wconf 87' lang='lat' dir='ltr'>indicant</span> <span class='ocrx_word' id='word_1_112' title='bbox 1680 971 1790 1007; x_wconf 77' lang='lat' dir='ltr'>aeque</span> <span class='ocrx_word' id='word_1_113' title='bbox 1814 972 1857 995; x_wconf 85' lang='lat' dir='ltr'>ac</span> 
     </span>
     <span class='ocr_line' id='line_1_13' title="bbox 214 1017 1257 1057; baseline -0.004 -1"><span class='ocrx_word' id='word_1_114' title='bbox 214 1034 389 1056; x_wconf 87' lang='lat' dir='ltr'>annuum</span> <span class='ocrx_word' id='word_1_115' title='bbox 422 1031 458 1057; x_wconf 90' lang='lat' dir='ltr'>et</span> <span class='ocrx_word' id='word_1_116' title='bbox 490 1019 749 1057; x_wconf 86' lang='lat' dir='ltr'>tardissimum</span> <span class='ocrx_word' id='word_1_117' title='bbox 779 1017 928 1055; x_wconf 85' lang='lat' dir='ltr'>arboris</span> <span class='ocrx_word' id='word_1_118' title='bbox 960 1017 1257 1053; x_wconf 86' lang='lat' dir='ltr'>incrementum.</span> 
     </span>
    </p>
   </div>
   <div class='ocr_carea' id='block_1_3' title="bbox 211 1088 1865 1509">
    <p class='ocr_par' dir='ltr' id='par_1_3' title="bbox 211 1088 1865 1509">
     <span class='ocr_line' id='line_1_14' title="bbox 268 1088 1859 1131; baseline 0.001 -1"><span class='ocrx_word' id='word_1_119' title='bbox 268 1095 533 1130; x_wconf 74' lang='lat' dir='ltr'>PHOENtCES</span> <span class='ocrx_word' id='word_1_120' title='bbox 575 1093 715 1129; x_wconf 88' lang='lat' dir='ltr'>florent</span> <span class='ocrx_word' id='word_1_121' title='bbox 758 1091 916 1128; x_wconf 89' lang='lat' dir='ltr'>ineunte</span> <span class='ocrx_word' id='word_1_122' title='bbox 953 1103 1040 1127; x_wconf 79' lang='lat' dir='ltr'>vere</span> <span class='ocrx_word' id='word_1_123' title='bbox 1081 1099 1118 1125; x_wconf 87' lang='lat' dir='ltr'>et</span> <span class='ocrx_word' id='word_1_124' title='bbox 1160 1089 1304 1125; x_wconf 86' lang='lat' dir='ltr'>fructus</span> <span class='ocrx_word' id='word_1_125' title='bbox 1345 1100 1540 1127; x_wconf 88' lang='lat' dir='ltr'>autumno</span> <span class='ocrx_word' id='word_1_126' title='bbox 1580 1088 1859 1131; x_wconf 86' lang='lat' dir='ltr'>maturescunt.</span> 
     </span>
     <span class='ocr_line' id='line_1_15' title="bbox 215 1150 1864 1205; baseline 0.001 -14"><span class='ocrx_word' id='word_1_127' title='bbox 215 1154 396 1205; x_wconf 90' lang='lat' dir='ltr'>Spadices</span> <span class='ocrx_word' id='word_1_128' title='bbox 433 1154 568 1191; x_wconf 91' lang='lat' dir='ltr'>decem</span> <span class='ocrx_word' id='word_1_129' title='bbox 596 1153 644 1189; x_wconf 87' lang='lat' dir='ltr'>ad</span> <span class='ocrx_word' id='word_1_130' title='bbox 674 1152 826 1201; x_wconf 78' lang='lat' dir='ltr'>viginti,</span> <span class='ocrx_word' id='word_1_131' title='bbox 859 1152 1101 1202; x_wconf 79' lang='lat' dir='ltr'>quandoque</span> <span class='ocrx_word' id='word_1_132' title='bbox 1140 1150 1290 1200; x_wconf 82' lang='lat' dir='ltr'>plures,</span> <span class='ocrx_word' id='word_1_133' title='bbox 1323 1153 1490 1196; x_wconf 85' lang='lat' dir='ltr'>ramosi,</span> <span class='ocrx_word' id='word_1_134' title='bbox 1523 1154 1719 1203; x_wconf 88' lang='lat' dir='ltr'>spathacei</span> <span class='ocrx_word' id='word_1_135' title='bbox 1753 1155 1864 1192; x_wconf 88' lang='lat' dir='ltr'>simul</span> 
     </span>
     <span class='ocr_line' id='line_1_16' title="bbox 214 1210 1863 1263; baseline 0.001 -12"><span class='ocrx_word' id='word_1_136' title='bbox 214 1215 314 1251; x_wconf 84' lang='lat' dir='ltr'>intra</span> <span class='ocrx_word' id='word_1_137' title='bbox 343 1216 436 1252; x_wconf 87' lang='lat' dir='ltr'>folia</span> <span class='ocrx_word' id='word_1_138' title='bbox 464 1229 510 1252; x_wconf 89' lang='lat' dir='ltr'>ex</span> <span class='ocrx_word' id='word_1_139' title='bbox 540 1214 697 1263; x_wconf 79' lang='lat' dir='ltr'>singulae</span> <span class='ocrx_word' id='word_1_140' title='bbox 727 1213 875 1251; x_wconf 86' lang='lat' dir='ltr'>arboris</span> <span class='ocrx_word' id='word_1_141' title='bbox 907 1210 1106 1248; x_wconf 84' lang='lat' dir='ltr'><strong>cacumine</strong></span> <span class='ocrx_word' id='word_1_142' title='bbox 1141 1211 1407 1249; x_wconf 86' lang='lat' dir='ltr'>sobolescunt.</span> <span class='ocrx_word' id='word_1_143' title='bbox 1445 1214 1575 1250; x_wconf 88' lang='lat' dir='ltr'>Flores</span> <span class='ocrx_word' id='word_1_144' title='bbox 1608 1214 1863 1261; x_wconf 83' lang='lat' dir='ltr'>Phoenicum,</span> 
     </span>
     <span class='ocr_line' id='line_1_17' title="bbox 213 1270 1860 1323; baseline 0 -10"><span class='ocrx_word' id='word_1_145' title='bbox 213 1288 256 1313; x_wconf 91' lang='lat' dir='ltr'>ut</span> <span class='ocrx_word' id='word_1_146' title='bbox 294 1276 477 1312; x_wconf 89' lang='lat' dir='ltr'>omnibus</span> <span class='ocrx_word' id='word_1_147' title='bbox 517 1287 654 1311; x_wconf 92' lang='lat' dir='ltr'>notum</span> <span class='ocrx_word' id='word_1_148' title='bbox 689 1285 744 1311; x_wconf 88' lang='lat' dir='ltr'>cst</span> <span class='ocrx_word' id='word_1_149' title='bbox 777 1272 890 1310; x_wconf 89' lang='lat' dir='ltr'>dioici</span> <span class='ocrx_word' id='word_1_150' title='bbox 920 1302 928 1315; x_wconf 88' lang='lat'>‚</span> <span class='ocrx_word' id='word_1_151' title='bbox 959 1271 1027 1307; x_wconf 89' lang='lat' dir='ltr'>sed</span> <span class='ocrx_word' id='word_1_152' title='bbox 1061 1270 1172 1321; x_wconf 79' lang='lat' dir='ltr'>calyx</span> <span class='ocrx_word' id='word_1_153' title='bbox 1206 1273 1434 1322; x_wconf 76' lang='lat' dir='ltr'>sexpartitus</span> <span class='ocrx_word' id='word_1_154' title='bbox 1472 1285 1507 1310; x_wconf 92' lang='lat' dir='ltr'>et</span> <span class='ocrx_word' id='word_1_155' title='bbox 1551 1274 1712 1311; x_wconf 89' lang='lat' dir='ltr'>stamina</span> <span class='ocrx_word' id='word_1_156' title='bbox 1744 1289 1860 1323; x_wconf 83' lang='lat' dir='ltr'>sena,</span> 
     </span>
     <span class='ocr_line' id='line_1_18' title="bbox 212 1333 1859 1386; baseline 0.002 -13"><span class='ocrx_word' id='word_1_157' title='bbox 212 1351 295 1373; x_wconf 90' lang='lat' dir='ltr'>non</span> <span class='ocrx_word' id='word_1_158' title='bbox 330 1350 424 1374; x_wconf 81' lang='lat' dir='ltr'>vero</span> <span class='ocrx_word' id='word_1_159' title='bbox 456 1337 603 1373; x_wconf 81' lang='lat' dir='ltr'>corolla</span> <span class='ocrx_word' id='word_1_160' title='bbox 634 1336 811 1386; x_wconf 86' lang='lat' dir='ltr'>tripetala</span> <span class='ocrx_word' id='word_1_161' title='bbox 837 1345 873 1371; x_wconf 88' lang='lat' dir='ltr'>et</span> <span class='ocrx_word' id='word_1_162' title='bbox 896 1333 1063 1371; x_wconf 86' lang='lat' dir='ltr'>stamina</span> <span class='ocrx_word' id='word_1_163' title='bbox 1093 1333 1163 1368; x_wconf 84' lang='lat' dir='ltr'>tria</span> <span class='ocrx_word' id='word_1_164' title='bbox 1185 1343 1225 1368; x_wconf 90' lang='lat' dir='ltr'>ut</span> <span class='ocrx_word' id='word_1_165' title='bbox 1250 1334 1366 1371; x_wconf 78' lang='lat' dir='ltr'>refert</span> <span class='ocrx_word' id='word_1_166' title='bbox 1401 1334 1634 1386; x_wconf 87' lang='lat' dir='ltr'>Kempferus</span> <span class='ocrx_word' id='word_1_167' title='bbox 1669 1336 1859 1377; x_wconf 84' lang='lat' dir='ltr'>Amoenit.</span> 
     </span>
     <span class='ocr_line' id='line_1_19' title="bbox 211 1392 1865 1448; baseline 0.002 -14"><span class='ocrx_word' id='word_1_168' title='bbox 211 1400 322 1435; x_wconf 82' lang='lat' dir='ltr'>Exot.</span> <span class='ocrx_word' id='word_1_169' title='bbox 364 1413 402 1448; x_wconf 94' lang='lat' dir='ltr'>p.</span> <span class='ocrx_word' id='word_1_170' title='bbox 428 1399 534 1444; x_wconf 72' lang='lat'>607,</span> <span class='ocrx_word' id='word_1_171' title='bbox 569 1397 633 1447; x_wconf 86' lang='lat' dir='ltr'>qui</span> <span class='ocrx_word' id='word_1_172' title='bbox 678 1397 834 1433; x_wconf 83' lang='lat' dir='ltr'>aliunde</span> <span class='ocrx_word' id='word_1_173' title='bbox 869 1392 1194 1432; x_wconf 80' lang='lat' dir='ltr'><strong>accuratissimam</strong></span> <span class='ocrx_word' id='word_1_174' title='bbox 1235 1395 1427 1433; x_wconf 87' lang='lat' dir='ltr'>Phoenicis</span> <span class='ocrx_word' id='word_1_175' title='bbox 1465 1396 1701 1448; x_wconf 76' lang='lat' dir='ltr'>dactyliferae</span> <span class='ocrx_word' id='word_1_176' title='bbox 1743 1401 1865 1438; x_wconf 87' lang='lat' dir='ltr'>edidit</span> 
     </span>
     <span class='ocr_line' id='line_1_20' title="bbox 215 1457 1253 1509; baseline -0.002 -13"><span class='ocrx_word' id='word_1_177' title='bbox 215 1458 521 1509; x_wconf 85' lang='lat' dir='ltr'>descriptionem</span> <span class='ocrx_word' id='word_1_178' title='bbox 557 1469 592 1494; x_wconf 85' lang='lat' dir='ltr'>et</span> <span class='ocrx_word' id='word_1_179' title='bbox 620 1457 819 1493; x_wconf 84' lang='lat' dir='ltr'>historiam</span> <span class='ocrx_word' id='word_1_180' title='bbox 847 1457 948 1495; x_wconf 86' lang='lat' dir='ltr'>lectu</span> <span class='ocrx_word' id='word_1_181' title='bbox 976 1458 1253 1507; x_wconf 77' lang='lat' dir='ltr'>dignissimam.</span> 
     </span>
    </p>
   </div>
   <div class='ocr_carea' id='block_1_4' title="bbox 214 1524 1866 2621">
    <p class='ocr_par' dir='ltr' id='par_1_4' title="bbox 214 1524 1866 2126">
     <span class='ocr_line' id='line_1_21' title="bbox 271 1524 1862 1574; baseline -0.001 -11"><span class='ocrx_word' id='word_1_182' title='bbox 271 1526 348 1563; x_wconf 84' lang='lat' dir='ltr'>SUB</span> <span class='ocrx_word' id='word_1_183' title='bbox 390 1525 507 1562; x_wconf 82' lang='lat' dir='ltr'>finem</span> <span class='ocrx_word' id='word_1_184' title='bbox 530 1525 671 1561; x_wconf 79' lang='lat' dir='ltr'>mensis</span> <span class='ocrx_word' id='word_1_185' title='bbox 702 1525 853 1561; x_wconf 86' lang='lat' dir='ltr'>ventosi</span> <span class='ocrx_word' id='word_1_186' title='bbox 886 1527 1110 1573; x_wconf 82' lang='lat' dir='ltr'>(februarii)</span> <span class='ocrx_word' id='word_1_187' title='bbox 1144 1527 1258 1563; x_wconf 80' lang='lat' dir='ltr'>flores</span> <span class='ocrx_word' id='word_1_188' title='bbox 1294 1524 1482 1561; x_wconf 88' lang='lat' dir='ltr'>masculos</span> <span class='ocrx_word' id='word_1_189' title='bbox 1513 1537 1586 1574; x_wconf 89' lang='lat' dir='ltr'>pro</span> <span class='ocrx_word' id='word_1_190' title='bbox 1617 1524 1862 1562; x_wconf 81' lang='lat' dir='ltr'>foeminarum</span> 
     </span>
     <span class='ocr_line' id='line_1_22' title="bbox 216 1585 1861 1635; baseline -0.001 -11"><span class='ocrx_word' id='word_1_191' title='bbox 216 1589 492 1626; x_wconf 76' lang='lat' dir='ltr'>secundatione</span> <span class='ocrx_word' id='word_1_192' title='bbox 515 1601 560 1624; x_wconf 83' lang='lat' dir='ltr'>ex</span> <span class='ocrx_word' id='word_1_193' title='bbox 581 1587 785 1623; x_wconf 80' lang='lat' dir='ltr'>arboribus</span> <span class='ocrx_word' id='word_1_194' title='bbox 815 1587 1003 1624; x_wconf 87' lang='lat' dir='ltr'>divellunt</span> <span class='ocrx_word' id='word_1_195' title='bbox 1032 1587 1249 1624; x_wconf 77' lang='lat' dir='ltr'>Palmicolae</span> <span class='ocrx_word' id='word_1_196' title='bbox 1269 1615 1277 1628; x_wconf 80' lang='grc'><em>,</em></span> <span class='ocrx_word' id='word_1_197' title='bbox 1299 1596 1507 1635; x_wconf 84' lang='lat' dir='ltr'>antequam</span> <span class='ocrx_word' id='word_1_198' title='bbox 1541 1585 1714 1622; x_wconf 63' lang='lat' dir='ltr'>antherae</span> <span class='ocrx_word' id='word_1_199' title='bbox 1748 1586 1861 1635; x_wconf 90' lang='lat' dir='ltr'>polli-</span> 
     </span>
     <span class='ocr_line' id='line_1_23' title="bbox 214 1647 1860 1698; baseline -0.001 -13"><span class='ocrx_word' id='word_1_200' title='bbox 214 1663 304 1686; x_wconf 92' lang='lat' dir='ltr'>nem</span> <span class='ocrx_word' id='word_1_201' title='bbox 326 1648 532 1685; x_wconf 83' lang='lat' dir='ltr'>emiserint.</span> <span class='ocrx_word' id='word_1_202' title='bbox 556 1647 740 1698; x_wconf 88' lang='lat' dir='ltr'>Spatham</span> <span class='ocrx_word' id='word_1_203' title='bbox 760 1647 1095 1695; x_wconf 81' lang='lat' dir='ltr'>longitudinaliter</span> <span class='ocrx_word' id='word_1_204' title='bbox 1117 1648 1377 1689; x_wconf 83' lang='lat' dir='ltr'>abscindunt,</span> <span class='ocrx_word' id='word_1_205' title='bbox 1394 1647 1527 1683; x_wconf 88' lang='lat' dir='ltr'>decem</span> <span class='ocrx_word' id='word_1_206' title='bbox 1543 1657 1608 1682; x_wconf 91' lang='lat' dir='ltr'>aut</span> <span class='ocrx_word' id='word_1_207' title='bbox 1630 1647 1860 1684; x_wconf 83' lang='lat' dir='ltr'>duodecim-</span> 
     </span>
     <span class='ocr_line' id='line_1_24' title="bbox 215 1707 1864 1759; baseline 0 -13"><span class='ocrx_word' id='word_1_208' title='bbox 215 1710 333 1747; x_wconf 82' lang='lat' dir='ltr'>millia</span> <span class='ocrx_word' id='word_1_209' title='bbox 351 1709 490 1745; x_wconf 87' lang='lat' dir='ltr'>Horum</span> <span class='ocrx_word' id='word_1_210' title='bbox 508 1708 773 1745; x_wconf 88' lang='lat' dir='ltr'>includentem</span> <span class='ocrx_word' id='word_1_211' title='bbox 787 1738 794 1750; x_wconf 90' lang='lat'>,</span> <span class='ocrx_word' id='word_1_212' title='bbox 812 1708 841 1744; x_wconf 91' lang='lat' dir='ltr'>si</span> <span class='ocrx_word' id='word_1_213' title='bbox 862 1709 1078 1759; x_wconf 87' lang='lat' dir='ltr'>Kempfero</span> <span class='ocrx_word' id='word_1_214' title='bbox 1096 1709 1190 1745; x_wconf 89' lang='lat' dir='ltr'>fides</span> <span class='ocrx_word' id='word_1_215' title='bbox 1206 1709 1275 1752; x_wconf 88' lang='lat' dir='ltr'>sit·‚</span> <span class='ocrx_word' id='word_1_216' title='bbox 1294 1707 1461 1744; x_wconf 88' lang='lat' dir='ltr'>ramulos</span> <span class='ocrx_word' id='word_1_217' title='bbox 1482 1707 1648 1757; x_wconf 85' lang='lat' dir='ltr'>spadicis</span> <span class='ocrx_word' id='word_1_218' title='bbox 1673 1707 1864 1746; x_wconf 86' lang='lat' dir='ltr'>floriferos</span> 
     </span>
     <span class='ocr_line' id='line_1_25' title="bbox 215 1767 1865 1820; baseline -0.002 -11"><span class='ocrx_word' id='word_1_219' title='bbox 215 1773 393 1812; x_wconf 76' lang='lat' dir='ltr'>caedunt,</span> <span class='ocrx_word' id='word_1_220' title='bbox 419 1771 601 1807; x_wconf 87' lang='lat' dir='ltr'>dividunt</span> <span class='ocrx_word' id='word_1_221' title='bbox 635 1780 670 1806; x_wconf 91' lang='lat' dir='ltr'>et</span> <span class='ocrx_word' id='word_1_222' title='bbox 700 1780 843 1819; x_wconf 87' lang='lat' dir='ltr'>parant</span> <span class='ocrx_word' id='word_1_223' title='bbox 872 1780 914 1806; x_wconf 92' lang='lat' dir='ltr'>ut</span> <span class='ocrx_word' id='word_1_224' title='bbox 945 1770 1152 1806; x_wconf 79' lang='lat' dir='ltr'>commode</span> <span class='ocrx_word' id='word_1_225' title='bbox 1182 1768 1298 1805; x_wconf 87' lang='lat' dir='ltr'>inseri</span> <span class='ocrx_word' id='word_1_226' title='bbox 1331 1779 1368 1804; x_wconf 90' lang='lat' dir='ltr'>et</span> <span class='ocrx_word' id='word_1_227' title='bbox 1396 1767 1539 1816; x_wconf 82' lang='lat' dir='ltr'>alligari</span> <span class='ocrx_word' id='word_1_228' title='bbox 1566 1768 1719 1818; x_wconf 88' lang='lat' dir='ltr'>possint</span> <span class='ocrx_word' id='word_1_229' title='bbox 1750 1782 1865 1820; x_wconf 88' lang='lat' dir='ltr'>supra</span> 
     </span>
     <span class='ocr_line' id='line_1_26' title="bbox 216 1828 1865 1878; baseline -0.002 -9"><span class='ocrx_word' id='word_1_230' title='bbox 216 1833 407 1870; x_wconf 85' lang='lat' dir='ltr'>foeminas.</span> <span class='ocrx_word' id='word_1_231' title='bbox 454 1831 576 1867; x_wconf 86' lang='lat' dir='ltr'>Facile</span> <span class='ocrx_word' id='word_1_232' title='bbox 614 1829 856 1878; x_wconf 82' lang='lat' dir='ltr'>dignoscitur</span> <span class='ocrx_word' id='word_1_233' title='bbox 891 1844 986 1866; x_wconf 91' lang='lat' dir='ltr'>num</span> <span class='ocrx_word' id='word_1_234' title='bbox 1016 1830 1160 1866; x_wconf 84' lang='lat' dir='ltr'>maturi</span> <span class='ocrx_word' id='word_1_235' title='bbox 1199 1829 1276 1866; x_wconf 89' lang='lat' dir='ltr'>sint</span> <span class='ocrx_word' id='word_1_236' title='bbox 1310 1839 1347 1865; x_wconf 91' lang='lat' dir='ltr'>et</span> <span class='ocrx_word' id='word_1_237' title='bbox 1383 1828 1592 1864; x_wconf 90' lang='lat' dir='ltr'>connubiis</span> <span class='ocrx_word' id='word_1_238' title='bbox 1625 1828 1759 1866; x_wconf 92' lang='lat' dir='ltr'>idonei</span> <span class='ocrx_word' id='word_1_239' title='bbox 1788 1845 1797 1875; x_wconf 69' lang='grc' dir='ltr'><strong>ς</strong></span> <span class='ocrx_word' id='word_1_240' title='bbox 1835 1830 1865 1868; x_wconf 89' lang='lat' dir='ltr'>si</span> 
     </span>
     <span class='ocr_line' id='line_1_27' title="bbox 215 1889 1864 1944; baseline -0.002 -12"><span class='ocrx_word' id='word_1_241' title='bbox 215 1894 362 1944; x_wconf 54' lang='lat' dir='ltr'>spathae</span> <span class='ocrx_word' id='word_1_242' title='bbox 393 1901 602 1928; x_wconf 71' lang='lat' dir='ltr'>attrectatce</span> <span class='ocrx_word' id='word_1_243' title='bbox 640 1890 808 1940; x_wconf 87' lang='lat' dir='ltr'>crepitus</span> <span class='ocrx_word' id='word_1_244' title='bbox 833 1904 973 1940; x_wconf 84' lang='lat' dir='ltr'>parvos</span> <span class='ocrx_word' id='word_1_245' title='bbox 1003 1890 1218 1933; x_wconf 88' lang='lat' dir='ltr'>ediderint,</span> <span class='ocrx_word' id='word_1_246' title='bbox 1241 1890 1389 1939; x_wconf 84' lang='lat' dir='ltr'>absque</span> <span class='ocrx_word' id='word_1_247' title='bbox 1418 1902 1526 1925; x_wconf 86' lang='lat' dir='ltr'>mora</span> <span class='ocrx_word' id='word_1_248' title='bbox 1557 1889 1792 1938; x_wconf 74' lang='lat' dir='ltr'>colligendi3</span> <span class='ocrx_word' id='word_1_249' title='bbox 1824 1892 1864 1928; x_wconf 91' lang='lat' dir='ltr'>in</span> 
     </span>
     <span class='ocr_line' id='line_1_28' title="bbox 216 1949 1866 2002; baseline -0.002 -10"><span class='ocrx_word' id='word_1_250' title='bbox 216 1968 262 1992; x_wconf 92' lang='lat' dir='ltr'>eo</span> <span class='ocrx_word' id='word_1_251' title='bbox 314 1965 456 2002; x_wconf 89' lang='lat' dir='ltr'>nempe</span> <span class='ocrx_word' id='word_1_252' title='bbox 496 1961 593 1987; x_wconf 88' lang='lat' dir='ltr'>statu</span> <span class='ocrx_word' id='word_1_253' title='bbox 631 1950 819 2000; x_wconf 87' lang='lat' dir='ltr'>pollinem</span> <span class='ocrx_word' id='word_1_254' title='bbox 861 1951 927 1986; x_wconf 89' lang='lat' dir='ltr'>diu</span> <span class='ocrx_word' id='word_1_255' title='bbox 968 1961 1122 1987; x_wconf 87' lang='lat' dir='ltr'>servant</span> <span class='ocrx_word' id='word_1_256' title='bbox 1172 1951 1342 1987; x_wconf 79' lang='lat' dir='ltr'>antherae</span> <span class='ocrx_word' id='word_1_257' title='bbox 1376 1949 1523 1999; x_wconf 85' lang='lat' dir='ltr'>absque</span> <span class='ocrx_word' id='word_1_258' title='bbox 1567 1950 1771 2000; x_wconf 77' lang='lat' dir='ltr'>eruptione</span> <span class='ocrx_word' id='word_1_259' title='bbox 1801 1967 1810 1996; x_wconf 67' lang='grc' dir='ltr'><strong>ς</strong></span> <span class='ocrx_word' id='word_1_260' title='bbox 1836 1953 1866 1989; x_wconf 90' lang='lat' dir='ltr'>si</span> 
     </span>
     <span class='ocr_line' id='line_1_29' title="bbox 216 2010 1866 2064; baseline -0.001 -12"><span class='ocrx_word' id='word_1_261' title='bbox 216 2015 397 2064; x_wconf 86' lang='lat' dir='ltr'>strepitus</span> <span class='ocrx_word' id='word_1_262' title='bbox 428 2012 575 2053; x_wconf 77' lang='lat' dir='ltr'>nullus,</span> <span class='ocrx_word' id='word_1_263' title='bbox 595 2011 722 2047; x_wconf 87' lang='lat' dir='ltr'>adhuc</span> <span class='ocrx_word' id='word_1_264' title='bbox 751 2010 970 2055; x_wconf 73' lang='lat' dir='ltr'>immaturi3</span> <span class='ocrx_word' id='word_1_265' title='bbox 990 2012 1017 2047; x_wconf 92' lang='lat' dir='ltr'>si</span> <span class='ocrx_word' id='word_1_266' title='bbox 1039 2024 1223 2060; x_wconf 75' lang='lat' dir='ltr'>magnum</span> <span class='ocrx_word' id='word_1_267' title='bbox 1244 2010 1461 2053; x_wconf 79' lang='lat' dir='ltr'>emiserint,</span> <span class='ocrx_word' id='word_1_268' title='bbox 1482 2010 1637 2047; x_wconf 87' lang='lat' dir='ltr'>inutiles</span> <span class='ocrx_word' id='word_1_269' title='bbox 1660 2023 1752 2048; x_wconf 89' lang='lat' dir='ltr'>sunt</span> <span class='ocrx_word' id='word_1_270' title='bbox 1775 2013 1866 2063; x_wconf 83' lang='lat' dir='ltr'>quia</span> 
     </span>
     <span class='ocr_line' id='line_1_30' title="bbox 215 2071 1134 2126; baseline -0.005 -14"><span class='ocrx_word' id='word_1_271' title='bbox 215 2076 349 2126; x_wconf 90' lang='lat' dir='ltr'>pollen</span> <span class='ocrx_word' id='word_1_272' title='bbox 385 2073 521 2123; x_wconf 70' lang='lat' dir='ltr'>spatha</span> <span class='ocrx_word' id='word_1_273' title='bbox 549 2073 681 2121; x_wconf 71' lang='lat' dir='ltr'>aperta</span> <span class='ocrx_word' id='word_1_274' title='bbox 721 2071 797 2107; x_wconf 90' lang='lat' dir='ltr'>ruit</span> <span class='ocrx_word' id='word_1_275' title='bbox 822 2081 858 2108; x_wconf 88' lang='lat' dir='ltr'>et</span> <span class='ocrx_word' id='word_1_276' title='bbox 889 2071 1134 2122; x_wconf 80' lang='lat' dir='ltr'>dispergitur.</span> 
     </span>
    </p>

    <p class='ocr_par' dir='ltr' id='par_1_5' title="bbox 215 2138 1864 2494">
     <span class='ocr_line' id='line_1_31' title="bbox 272 2138 1864 2190; baseline 0 -12"><span class='ocrx_word' id='word_1_277' title='bbox 272 2142 461 2178; x_wconf 82' lang='lat' dir='ltr'>FLORES</span> <span class='ocrx_word' id='word_1_278' title='bbox 494 2138 682 2175; x_wconf 87' lang='lat' dir='ltr'>masculos</span> <span class='ocrx_word' id='word_1_279' title='bbox 708 2147 750 2174; x_wconf 90' lang='lat' dir='ltr'>ut</span> <span class='ocrx_word' id='word_1_280' title='bbox 780 2138 901 2175; x_wconf 89' lang='lat' dir='ltr'>modo</span> <span class='ocrx_word' id='word_1_281' title='bbox 930 2138 1009 2176; x_wconf 87' lang='lat' dir='ltr'>dixi</span> <span class='ocrx_word' id='word_1_282' title='bbox 1048 2149 1290 2190; x_wconf 60' lang='lat' dir='ltr'>praeparatos</span> <span class='ocrx_word' id='word_1_283' title='bbox 1327 2138 1572 2188; x_wconf 87' lang='lat' dir='ltr'>suspendunt</span> <span class='ocrx_word' id='word_1_284' title='bbox 1595 2149 1631 2175; x_wconf 91' lang='lat' dir='ltr'>et</span> <span class='ocrx_word' id='word_1_285' title='bbox 1660 2139 1700 2175; x_wconf 90' lang='lat' dir='ltr'>in</span> <span class='ocrx_word' id='word_1_286' title='bbox 1725 2140 1864 2178; x_wconf 86' lang='lat' dir='ltr'>umbra</span> 
     </span>
     <span class='ocr_line' id='line_1_32' title="bbox 218 2198 1862 2250; baseline -0.001 -10"><span class='ocrx_word' id='word_1_287' title='bbox 218 2203 445 2244; x_wconf 63' lang='lat' dir='ltr'>exsiccant·7</span> <span class='ocrx_word' id='word_1_288' title='bbox 480 2199 532 2236; x_wconf 90' lang='lat' dir='ltr'>sic</span> <span class='ocrx_word' id='word_1_289' title='bbox 574 2198 732 2236; x_wconf 85' lang='lat' dir='ltr'>arefacti</span> <span class='ocrx_word' id='word_1_290' title='bbox 770 2199 820 2236; x_wconf 87' lang='lat' dir='ltr'>ad</span> <span class='ocrx_word' id='word_1_291' title='bbox 860 2200 1050 2236; x_wconf 90' lang='lat' dir='ltr'>thalamos</span> <span class='ocrx_word' id='word_1_292' title='bbox 1093 2199 1226 2236; x_wconf 90' lang='lat' dir='ltr'>idonei</span> <span class='ocrx_word' id='word_1_293' title='bbox 1273 2209 1309 2235; x_wconf 91' lang='lat' dir='ltr'>et</span> <span class='ocrx_word' id='word_1_294' title='bbox 1354 2198 1393 2234; x_wconf 90' lang='lat' dir='ltr'>in</span> <span class='ocrx_word' id='word_1_295' title='bbox 1436 2212 1585 2236; x_wconf 83' lang='lat' dir='ltr'>annum</span> <span class='ocrx_word' id='word_1_296' title='bbox 1633 2212 1862 2250; x_wconf 87' lang='lat' dir='ltr'>sequentem</span> 
     </span>
     <span class='ocr_line' id='line_1_33' title="bbox 216 2260 1861 2310; baseline 0 -10"><span class='ocrx_word' id='word_1_297' title='bbox 216 2264 326 2301; x_wconf 76' lang='lat' dir='ltr'>etiam</span> <span class='ocrx_word' id='word_1_298' title='bbox 341 2292 348 2306; x_wconf 79' lang='grc'><em>,</em></span> <span class='ocrx_word' id='word_1_299' title='bbox 367 2272 459 2299; x_wconf 90' lang='lat' dir='ltr'>teste</span> <span class='ocrx_word' id='word_1_300' title='bbox 480 2260 693 2310; x_wconf 88' lang='lat' dir='ltr'>Kempfero</span> <span class='ocrx_word' id='word_1_301' title='bbox 709 2290 716 2302; x_wconf 74' lang='grc'><em>,</em></span> <span class='ocrx_word' id='word_1_302' title='bbox 738 2260 880 2296; x_wconf 86' lang='lat' dir='ltr'>servari</span> <span class='ocrx_word' id='word_1_303' title='bbox 897 2262 1043 2310; x_wconf 87' lang='lat' dir='ltr'>absque</span> <span class='ocrx_word' id='word_1_304' title='bbox 1063 2260 1300 2296; x_wconf 88' lang='lat' dir='ltr'>detrimento</span> <span class='ocrx_word' id='word_1_305' title='bbox 1323 2269 1502 2309; x_wconf 87' lang='lat' dir='ltr'>possunt.</span> <span class='ocrx_word' id='word_1_306' title='bbox 1537 2260 1709 2309; x_wconf 74' lang='lat' dir='ltr'>Quidam</span> <span class='ocrx_word' id='word_1_307' title='bbox 1732 2273 1861 2300; x_wconf 88' lang='lat' dir='ltr'>tamen</span> 
     </span>
     <span class='ocr_line' id='line_1_34' title="bbox 216 2320 1860 2372; baseline -0.001 -11"><span class='ocrx_word' id='word_1_308' title='bbox 216 2335 388 2361; x_wconf 89' lang='lat' dir='ltr'>recentes</span> <span class='ocrx_word' id='word_1_309' title='bbox 421 2322 607 2370; x_wconf 74' lang='lat' dir='ltr'>alligant·,</span> <span class='ocrx_word' id='word_1_310' title='bbox 630 2320 690 2356; x_wconf 89' lang='lat' dir='ltr'>alii</span> <span class='ocrx_word' id='word_1_311' title='bbox 726 2320 901 2370; x_wconf 89' lang='lat' dir='ltr'>plerique</span> <span class='ocrx_word' id='word_1_312' title='bbox 935 2334 1109 2357; x_wconf 87' lang='lat' dir='ltr'>mensem</span> <span class='ocrx_word' id='word_1_313' title='bbox 1147 2320 1344 2357; x_wconf 83' lang='lat' dir='ltr'>florealem</span> <span class='ocrx_word' id='word_1_314' title='bbox 1379 2330 1612 2371; x_wconf 81' lang='lat' dir='ltr'>expectant,</span> <span class='ocrx_word' id='word_1_315' title='bbox 1643 2322 1732 2372; x_wconf 81' lang='lat' dir='ltr'>quia</span> <span class='ocrx_word' id='word_1_316' title='bbox 1770 2335 1860 2360; x_wconf 90' lang='lat' dir='ltr'>tunc</span> 
     </span>
     <span class='ocr_line' id='line_1_35' title="bbox 217 2381 1861 2434; baseline -0.001 -12"><span class='ocrx_word' id='word_1_317' title='bbox 217 2385 385 2422; x_wconf 72' lang='lat' dir='ltr'>foeminae</span> <span class='ocrx_word' id='word_1_318' title='bbox 420 2384 587 2434; x_wconf 79' lang='lat' dir='ltr'>perfecte</span> <span class='ocrx_word' id='word_1_319' title='bbox 622 2381 803 2417; x_wconf 84' lang='lat' dir='ltr'>florentes</span> <span class='ocrx_word' id='word_1_320' title='bbox 837 2381 985 2431; x_wconf 85' lang='lat' dir='ltr'>pistillis</span> <span class='ocrx_word' id='word_1_321' title='bbox 1015 2381 1156 2418; x_wconf 85' lang='lat' dir='ltr'>ardent</span> <span class='ocrx_word' id='word_1_322' title='bbox 1189 2381 1419 2425; x_wconf 74' lang='lat' dir='ltr'>hiantibu53</span> <span class='ocrx_word' id='word_1_323' title='bbox 1453 2382 1635 2418; x_wconf 87' lang='lat' dir='ltr'>nonnulli</span> <span class='ocrx_word' id='word_1_324' title='bbox 1669 2384 1861 2421; x_wconf 84' lang='lat' dir='ltr'>masculos</span> 
     </span>
     <span class='ocr_line' id='line_1_36' title="bbox 215 2440 1265 2494; baseline -0.007 -11"><span class='ocrx_word' id='word_1_325' title='bbox 215 2444 448 2483; x_wconf 82' lang='lat' dir='ltr'>excutiendo</span> <span class='ocrx_word' id='word_1_326' title='bbox 478 2443 678 2494; x_wconf 87' lang='lat' dir='ltr'>pulverem</span> <span class='ocrx_word' id='word_1_327' title='bbox 709 2455 827 2492; x_wconf 87' lang='lat' dir='ltr'>supra</span> <span class='ocrx_word' id='word_1_328' title='bbox 858 2440 1033 2478; x_wconf 84' lang='lat' dir='ltr'>foeminas</span> <span class='ocrx_word' id='word_1_329' title='bbox 1066 2451 1265 2491; x_wconf 79' lang='lat' dir='ltr'>spargunt.</span> 
     </span>
    </p>

    <p class='ocr_par' dir='ltr' id='par_1_6' title="bbox 216 2505 1860 2621">
     <span class='ocr_line' id='line_1_37' title="bbox 271 2505 1859 2561; baseline 0 -14"><span class='ocrx_word' id='word_1_330' title='bbox 271 2513 357 2548; x_wconf 80' lang='lat' dir='ltr'>BIS</span> <span class='ocrx_word' id='word_1_331' title='bbox 412 2508 749 2546; x_wconf 85' lang='lat' dir='ltr'>foecundationem</span> <span class='ocrx_word' id='word_1_332' title='bbox 789 2506 1008 2543; x_wconf 86' lang='lat' dir='ltr'>Palmarum</span> <span class='ocrx_word' id='word_1_333' title='bbox 1060 2505 1298 2543; x_wconf 85' lang='lat' dir='ltr'>artificialem</span> <span class='ocrx_word' id='word_1_334' title='bbox 1345 2506 1428 2543; x_wconf 85' lang='lat' dir='ltr'>fieri</span> <span class='ocrx_word' id='word_1_335' title='bbox 1483 2508 1637 2545; x_wconf 87' lang='lat' dir='ltr'>diverso</span> <span class='ocrx_word' id='word_1_336' title='bbox 1685 2519 1859 2561; x_wconf 89' lang='lat' dir='ltr'>tempore</span> 
     </span>
     <span class='ocr_line' id='line_1_38' title="bbox 216 2565 1860 2621; baseline 0.001 -14"><span class='ocrx_word' id='word_1_337' title='bbox 216 2571 332 2608; x_wconf 82' lang='lat' dir='ltr'>refert</span> <span class='ocrx_word' id='word_1_338' title='bbox 355 2569 609 2621; x_wconf 86' lang='lat' dir='ltr'>Kempferus‚</span> <span class='ocrx_word' id='word_1_339' title='bbox 632 2580 653 2604; x_wconf 82' lang='lat' dir='ltr'>a</span> <span class='ocrx_word' id='word_1_340' title='bbox 679 2566 912 2618; x_wconf 82' lang='lat' dir='ltr'>quibusdam</span> <span class='ocrx_word' id='word_1_341' title='bbox 945 2565 1185 2604; x_wconf 89' lang='lat' dir='ltr'>desertorum</span> <span class='ocrx_word' id='word_1_342' title='bbox 1212 2567 1371 2612; x_wconf 86' lang='lat' dir='ltr'>incolis,</span> <span class='ocrx_word' id='word_1_343' title='bbox 1389 2568 1481 2619; x_wconf 86' lang='lat' dir='ltr'>quia</span> <span class='ocrx_word' id='word_1_344' title='bbox 1512 2570 1689 2607; x_wconf 84' lang='lat' dir='ltr'>foeminas</span> <span class='ocrx_word' id='word_1_345' title='bbox 1719 2584 1860 2610; x_wconf 89' lang='lat' dir='ltr'>venere</span> 
     </span>
    </p>
   </div>
   <div class='ocr_carea' id='block_1_5' title="bbox 374 2638 1681 2679">
    <p class='ocr_par' dir='ltr' id='par_1_7' title="bbox 374 2638 1681 2679">
     <span class='ocr_line' id='line_1_39' title="bbox 374 2638 1681 2679; baseline -0.001 0"><span class='ocrx_word' id='word_1_346' title='bbox 374 2652 396 2679; x_wconf 83' lang='lat'>2</span> <span class='ocrx_word' id='word_1_347' title='bbox 1625 2638 1681 2678; x_wconf 79' lang='lat'>56</span> 
     </span>
    </p>
   </div>
  </div>
 </body>
</html>
