2419 3212
490 252 590 312 438
1026 250 1600 289 APPENDIX.

488 373 683 402 ramosus,
701 363 848 394 ovatUS.
882 352 1032 404 Drupae
1061 363 1134 389 tres
1155 349 1334 388 ovoideae
1355 378 1363 392 ,
1387 346 1553 384 crassitie
1577 343 1686 394 digiti
1709 340 1994 380 extremitatem
2020 356 2140 381 aemu-

487 424 609 460 lantes
627 435 637 465 ς
661 428 817 455 maturae
848 415 1087 452 rufescentes
1107 444 1114 458 ,
1135 413 1311 464 pulposae
1331 441 1339 456 ,
1362 409 1635 451 filamentosae,
1657 417 1948 455 monospermae
1966 434 1974 448 ,
1996 405 2140 441 nucleo

491 494 608 521 ovato
626 511 634 525 ,
655 480 773 517 dorso
797 475 1024 515 umbilicato
1048 476 1162 512 foetae.

546 586 733 621 RAmcEs
763 592 798 619 et
826 594 914 631 pars
938 578 1104 616 inferior
1127 588 1357 614 truncorum
1378 573 1586 626 juniorum
1610 585 1697 623 quae
1721 571 1792 608 sub
1817 580 1916 607 terra
1940 568 2145 606 recondita

487 649 593 700 jacet
611 645 758 683 edules.
781 645 884 681 Cum
901 641 998 678 foliis
1014 642 1114 692 aqua
1129 637 1327 676 maceratis
1346 645 1492 687 tapetes
1505 663 1514 677 ‚
1530 633 1701 671 calathos
1720 642 1756 669 et
1782 631 1893 668 funes
1912 628 2144 667 conficiunt.

548 733 736 770 CRESCIT
764 729 912 780 ubique
940 728 981 764 in
1007 724 1205 763 Barbaria.
1244 721 1371 759 Colles
1395 720 1559 757 incultas
1581 727 1697 755 amat.
1755 714 1781 756 B

1058 887 1587 939 PHOENIX.

557 1058 738 1097 FLORES
769 1052 918 1094 dioici.
957 1052 1110 1092 MASC.
1150 1048 1288 1101 Calyx
1313 1043 1537 1101 profunde
1567 1038 1754 1081 sexfidus
1781 1055 1790 1087 3
1826 1036 1991 1078 laciniis
2015 1037 2151 1078 tribus

496 1122 796 1166 interioribus.
834 1120 1024 1162 Stamina
1045 1131 1133 1159 sex.
1169 1117 1299 1156 FOEM.
1338 1114 1475 1167 Calyx
1495 1111 1628 1151 idem.
1668 1108 1803 1160 Stylus
1828 1119 1956 1146 unus.
1998 1107 2153 1161 Drupa

498 1193 642 1233 mollis
661 1227 670 1241 ,
705 1203 889 1232 carnosa
908 1223 917 1236 ,
949 1187 1140 1239 oblonga
1159 1219 1168 1232 ,
1194 1183 1287 1224 basi
1319 1183 1463 1235 calyce
1499 1178 1756 1234 persistente
1791 1175 1934 1215 cincta
1956 1208 1965 1222 ,
1993 1175 2153 1215 nucleo

499 1275 652 1308 osseo7
685 1260 904 1313 oblongo,
931 1256 1030 1296 hinc
1066 1251 1440 1308 longitudinaliter
1474 1247 1641 1289 sulcato
1662 1278 1670 1292 ,
1694 1243 1796 1284 inde
1835 1242 1968 1283 dorso
2008 1241 2153 1283 umbi-

498 1330 629 1369 licato
666 1329 785 1368 focta.

806 1449 1145 1490 PHOENIX
1229 1437 1850 1483 DACTYLIFERA.

500 1569 685 1604 PHOENIX
709 1564 920 1603 frondibus
944 1560 1116 1614 pinnatis
1136 1575 1146 1605 ς
1170 1557 1308 1595 foliolis
1333 1552 1575 1606 complicatis
1595 1582 1603 1596 ,
1627 1549 1918 1589 ensiformibus.
1949 1551 2032 1586 Lz'n.
2058 1550 2156 1598 δρα.

565 1628 681 1666 1638.
700 1628 943 1664 -Οίενίηση
969 1637 1002 1661 1.
1026 1632 1063 1673 p.
1088 1622 1152 1661 23.
1184 1625 1207 1657 t.
1232 1632 1268 1668 9.
1286 1618 1325 1670 f.
1351 1629 1386 1655 2.

502 1689 669 1727 Phoenix
691 1688 891 1726 excelsior.
926 1687 1097 1724 Cavanil.
1121 1685 1174 1719 Ic.
1201 1695 1237 1718 n.
1268 1677 1356 1717 125.

501 1752 644 1789 Palma.
684 1749 853 1800 Theophr.
880 1750 983 1797 Slap.
1010 1745 1233 1795 99.——D0d.
1260 1743 1400 1790 Pempt.
1421 1740 1513 1785 819.
1535 1737 1731 1775 Ita—Lol).
1758 1737 1810 1771 Ic·
1832 1731 2159 1780 234.-Tabcrn.

558 1815 612 1850 Ic.
637 1810 730 1861 959.
748 1813 959 1848 —Camer.
982 1811 1083 1858 Epit.
1111 1817 1198 1853 124.
1224 1802 1395 1856 Ic.—J.
1414 1803 1456 1839 Β.
1482 1801 1585 1838 ΗΜ.
1619 1809 1651 1836 1.
1682 1805 1719 1847 p.
1744 1794 1836 1833 351.
1862 1798 1914 1834 Ic.

562 1931 833 1966 PHOENICES
865 1924 1100 1976 dactyliferae
1129 1934 1198 1972 per
1228 1931 1349 1957 totam
1376 1916 1603 1954 Barbariam
1635 1922 1814 1951 crescunt
1831 1942 1839 1956 ‚
1866 1911 1933 1949 secl
1957 1911 1997 1948 in
2021 1911 2162 1949 deserti

506 1990 677 2028 finitimis
702 2000 855 2027 tantum
878 1987 1031 2025 summa
1054 1985 1145 2021 cura
1167 1993 1203 2018 et
1222 1980 1429 2018 hominum
1448 1976 1639 2014 industria
1658 1975 1857 2011 coluntur.
1890 1973 1950 2009 Ibi
1971 1973 2042 2010 sub
2064 1973 2163 2009 coelo

506 2051 767 2090 fervidissimo
787 2049 1022 2099 vegetiores,
1044 2045 1238 2097 perfectos
1262 2054 1298 2079 et
1322 2038 1554 2090 gratissimos
1577 2037 1785 2089 proferunt
1807 2035 1983 2078 fructus3
2007 2034 2100 2071 dum
2123 2034 2164 2070 in

505 2114 664 2164 regione
699 2109 1026 2164 septentrionali,
1056 2108 1172 2155 longe
1203 2103 1325 2153 magis
1362 2100 1576 2151 temperata
1597 2129 1604 2141 ,
1636 2097 1795 2147 aliisque
1829 2096 2020 2147 praeterea
2057 2105 2164 2131 terne

508 2176 652 2228 opibus
669 2173 916 2212 refertissima
930 2202 938 2216 ,
953 2170 1181 2207 immaturos
1204 2177 1373 2216 semper,
1390 2161 1617 2200 macilentos
1633 2170 1668 2196 et
1683 2158 1793 2195 malae
1812 2156 1976 2200 indolis,
1995 2155 2164 2206 ideoque

507 2238 648 2275 Palmae
680 2236 799 2286 magis
833 2235 882 2272 ad
914 2240 1193 2270 ornamentum
1226 2228 1433 2263 hortorum
1468 2233 1505 2260 et
1534 2220 1714 2258 villarum
1745 2232 1862 2270 quam
1893 2217 1943 2255 ad
1974 2216 2166 2268 privatam

509 2311 546 2337 et
565 2299 767 2351 publicam
790 2296 993 2334 utilitatem
1017 2292 1264 2331 excoluntur.

564 2386 626 2421 EA
656 2397 743 2435 pars
768 2379 951 2419 immensi
973 2375 1116 2415 deserti
1143 2371 1347 2410 montibus
1370 2368 1580 2406 Atlanticis
1606 2366 1853 2406 contermina
1870 2394 1878 2408 ,
1903 2365 2063 2415 solaque
2090 2363 2167 2400 sere

510 2446 559 2482 ab
584 2445 812 2482 hominibus
835 2441 1008 2479 habitata
1030 2449 1066 2476 et
1089 2435 1243 2474 exculta
1269 2431 1420 2472 Cereris
1445 2429 1604 2467 minime
1628 2431 1745 2467 ferax.
1786 2429 2007 2465 Terrenum
2031 2437 2169 2462 areno-

514 2520 624 2550 sum7
648 2507 736 2544 solis
771 2503 975 2543 candentis
1006 2500 1145 2538 ardore
1176 2496 1410 2534 exsiccatum
1449 2503 1485 2530 et
1522 2491 1630 2542 quasi
1665 2501 1867 2532 exustum,
1896 2486 2167 2533 imbribusque

517 2569 695 2617 benignis
716 2568 907 2606 rarissime
928 2565 1135 2602 irroratum
1158 2571 1193 2598 et
1216 2567 1475 2608 temperatum
1494 2553 1556 2591 vix
1571 2553 1775 2604 parvulam
1795 2551 1898 2588 Ma'ss
1912 2579 1920 2593 ‚
1937 2544 2087 2585 Hordei
2103 2553 2169 2579 aut

516 2629 653 2679 Sorghi
673 2630 831 2679 singulis
854 2627 966 2666 annis
991 2637 1155 2663 messem
1178 2620 1312 2672 gignit.
1338 2617 1543 2656 Phoenices
1564 2615 1688 2654 vicem
1713 2612 1898 2664 supplent
1921 2619 1956 2647 et
1978 2606 2067 2646 solae
2091 2605 2169 2643 fere
