2419 3212
540 250 643 307 370
842 250 1195 289 DIOECIA
1283 248 1902 286 MONADELPHIA.

600 371 777 407 FRUTEx
824 363 979 402 15—18
1012 364 1212 403 decimetr.
1244 362 1358 400 Rami
1383 361 1557 413 oppositi
1585 376 1596 406 ς
1626 361 1806 413 juniores
1846 363 2050 412 tetragoni.
2082 363 2188 402 Folia

543 430 753 483 opposita,
775 426 917 464 sessilia
934 456 942 471 ,
969 427 1101 476 glabra
1120 455 1129 470 ‚
1165 435 1279 461 ovata
1311 454 1319 467 ,
1353 433 1467 460 acuta
1488 455 1497 468 ‚
1525 422 1774 472 integerrima
1794 451 1802 466 ‚
1837 422 2032 460 trinervia.
2063 425 2192 464 Flores

546 493 665 530 dilute
686 489 918 526 vixescemes
935 518 943 532 ‚
966 485 1187 539 pedicellati
1208 516 1216 530 ‚
1239 483 1425 522 racemosi
1440 514 1448 527 ‚
1468 483 1688 521 terminales
1705 483 1746 520 in
1766 484 1923 521 ramulis
1945 483 2165 523 lateralibus
2183 515 2192 528 ,

543 553 693 589 inferne
718 549 880 587 foliosis.
899 551 1062 586 Bractea
1077 547 1411 585 lineari-subulam
1425 546 1474 583 ad
1495 545 1621 582 basim
1639 544 1778 596 singuli
1794 545 1976 598 pedicelli
1995 556 2032 584 et
2051 547 2191 585 eodem

542 612 713 651 brevior.
747 612 883 648 Frutex
911 611 1162 662 polygamuS‚
1181 608 1387 647 monoicus
1416 618 1453 647 et
1476 606 1639 646 dioicus.

597 702 824 740 HABITAT
848 700 888 738 in
915 700 1088 739 Atlante.
1135 699 1160 741 b·

813 954 1913 1014 MONADELPHIA.

1014 1218 1705 1283 JUNIPERUS.

597 1381 778 1421 FLORES
809 1380 958 1421 dioici.
983 1382 1137 1421 MASC.
1166 1380 1410 1420 Amentum
1436 1388 1612 1418 ovatum
1632 1411 1641 1425 ,
1667 1377 1836 1424 sessile,
1871 1390 1923 1417 ex
1948 1379 2187 1432 squamulis

539 1449 725 1504 peltatiS.
778 1449 915 1502 Calyx
949 1449 1111 1488 nullus.
1150 1448 1332 1487 Corolla
1364 1447 1498 1486 nulla.
1536 1445 1727 1486 Stamina
1760 1446 1839 1486 tria
1873 1456 1945 1486 aut
1980 1457 2184 1500 quatuor.

534 1516 743 1558 Antherae
766 1516 810 1555 in
834 1529 1117 1571 squamarum
1142 1514 1285 1568 stipite
1313 1513 1493 1553 sessiles.
1533 1514 1659 1553 FOEM.
1684 1514 1928 1553 Amentum
1953 1527 1974 1553 e
1999 1514 2187 1567 squamis

535 1583 819 1638 paucioribus
835 1617 843 1631 ,
866 1594 1041 1623 maturo
1066 1582 1211 1622 fructu
1234 1582 1279 1620 in
1302 1579 1485 1620 baccam
1510 1579 1741 1633 globosam
1764 1580 1946 1619 coalitis.

835 1714 1302 1762 JUNIPERUS
1378 1712 1895 1751 OXYCEDRUS.

528 1840 766 1884 JUNIPERUS
802 1837 900 1876 foliis
940 1838 1098 1877 ternatis
1120 1868 1128 1883 ,
1156 1836 1379 1890 patentibus
1405 1866 1414 1880 ‚
1452 1833 1692 1872 mucronatis
1722 1863 1731 1877 ,
1766 1833 1885 1871 bacca
1920 1831 2180 1870 brevioribus.

588 1902 670 1937 Lm.
700 1901 723 1936 S
750 1913 796 1936 ec.
830 1911 841 1935 1
908 1911 944 1936 ο.

529 1908 745 2012 juniperus?
774 1912 902 2011 machlii
927 1991 935 2005 ,
974 1960 1094 1997 bacca
1127 1959 1360 1996 rufescente.
1393 1960 1433 1994 C.
1464 1959 1508 1994 Β.
1533 1957 1616 1993 Pin.
1647 1956 1738 2002 489.
1758 1976 1811 1983 -—
1831 1952 1872 1991 T.
1900 1956 1993 1991 Just.
2021 1951 2114 2001 589.
2132 1976 2186 1982 ———

590 2024 751 2059 Didiam.
783 2022 888 2059 Arbr.
919 2033 951 2058 1.
972 2030 1009 2071 p.
1037 2021 1129 2058 326.
1158 2026 1183 2057 t.
1210 2021 1299 2056 128.

538 2082 786 2134 Oxycedrus.
806 2084 902 2119 Clas.
919 2084 1021 2120 Hz‘st.
1040 2083 1106 2130 39.
1129 2083 1181 2118 Ic.
1198 2102 1253 2108 ——-
1268 2082 1355 2116 Lob.
1379 2081 1431 2116 Ic.
1453 2091 1490 2118 2.
1508 2087 1546 2128 p.
1568 2078 1660 2117 223.
1678 2079 1845 2115 —Docl.
1864 2078 2004 2127 Pcmpt.
2024 2074 2114 2114 853.
2129 2078 2182 2114 Ic.

528 2143 739 2194 juniperus
773 2143 912 2195 major.
941 2145 1082 2180 Carnem
1108 2143 1208 2191 Epic.
1233 2139 1298 2186 54.
1321 2142 1375 2178 Ic.

587 2268 748 2306 ARBOR
768 2281 899 2316 4—-10
930 2281 1043 2306 metr.
1070 2268 1174 2305 Folia
1195 2276 1341 2304 ternata
1362 2296 1369 2310 ,
1401 2268 1601 2310 subulam,
1630 2267 1751 2317 paulo
1777 2265 1956 2316 longiora
1979 2275 2016 2302 et
2037 2264 2182 2302 rariora

533 2344 650 2380 quain
683 2331 722 2366 in
749 2331 785 2375 J.
812 2331 1010 2367 communi
1039 2330 1127 2366 Lin.
1148 2358 1156 2372 ,
1181 2327 1292 2364 lineis
1327 2329 1480 2366 duabus
1512 2329 1652 2378 glaucis
1670 2359 1678 2372 ,
1706 2341 1873 2380 superne
1904 2327 1996 2365 hinc
2028 2338 2063 2364 et
2088 2327 2181 2363 inde

529 2391 639 2441 juxta
667 2402 813 2428 costam
842 2392 1008 2428 mediam
1034 2390 1239 2441 parallelis.
1280 2391 1413 2428 Baccae
1447 2390 1591 2428 sessiles
1620 2420 1628 2434 ,
1665 2390 1843 2426 rotundae
1861 2420 1869 2433 ,
1914 2387 2182 2437 magnitudine

532 2451 653 2488 Nucis
680 2451 1085 2495 Avellanae31naturae
1110 2451 1345 2491 rufescentes
1368 2464 1404 2490 et
1433 2465 1534 2503 saepe
1559 2453 1706 2505 polline
1735 2453 1905 2490 coeruleo
1935 2461 2151 2502 conspersae
2169 2476 2176 2489 2

533 2512 699 2561 squamis
731 2512 943 2550 obliteratis
966 2522 1199 2563 exasperatae
1216 2545 1224 2560 ‚
1250 2514 1357 2566 quod
1383 2514 1424 2551 in
1447 2513 1527 2552 aliis
1550 2514 1663 2552 etiam
1684 2515 1925 2554 observatur.

589 2601 811 2639 HABITAT
844 2604 883 2639 in
919 2603 1088 2641 Atlante.
1137 2603 1162 2643 Β
