2419 3212
538 251 641 303 380
795 260 1325 300 POLYGAMIA
1427 261 1942 299 MONOECIA.

976 411 1771 467 ANTHISTIRIA.

606 557 812 596 FLORES
851 554 1086 609 polygami.
1123 555 1308 595 Masculi
1342 568 1415 595 sex
1452 555 1641 603 mutici3
1679 555 1945 596 verticillatis
1988 566 2200 610 quatuor,

544 623 784 671 sessilibus3
823 622 999 662 duobus
1018 623 1159 662 alteris
1178 623 1461 676 pedicellatis.
1494 624 1630 677 Calyx
1649 624 1846 664 exterior
1880 624 1956 663 uni
1975 635 2047 663 aut
2068 624 2202 677 biglu-

545 692 624 732 mis
646 708 655 739 3
686 691 897 731 interiore
921 690 1119 744 biglumi.
1157 691 1251 730 Flos
1292 691 1491 731 centralis
1514 690 1902 745 hermaphroditus
1922 724 1930 738 ,
1971 690 2200 731 solitarius.

545 760 682 812 Calyx
715 758 919 812 biglumis
938 792 946 805 ‚
976 757 1262 807 chartaceus;
1299 758 1482 799 interior
1512 760 1651 799 nullus
1681 769 1753 799 aut
1784 759 2022 799 obsoletus.
2061 759 2205 800 Arista

547 828 701 868 tortilis
739 841 761 866 e
796 827 933 866 fundo
966 826 1137 879 calycis.

601 923 668 959 N³.
704 921 1042 959 ANTHISTIRIAM
1073 922 1201 973 calyce
1232 920 1498 971 quadrivalvi‚
1529 922 1577 958 tri
1607 932 1677 959 aut
1705 922 1950 974 quadrifloro
1982 922 2206 959 distinctam

547 984 728 1021 dixerunt
755 984 842 1020 Lin.
867 983 934 1019 Fil.
953 1013 961 1027 ‚
984 982 1165 1019 Gaertner
1195 992 1232 1019 et
1260 982 1350 1026 alii,
1379 983 1445 1020 sed
1471 996 1695 1035 perperam.

603 1074 921 1112 ANDROPOGON
956 1073 1197 1125 cymbarium
1227 1075 1313 1111 Lin.
1352 1085 1389 1111 et
1422 1074 1505 1111 alife
1543 1075 1717 1126 ejusdem
1750 1074 1899 1124 generis
1924 1073 2099 1124 species,
2120 1087 2206 1124 quae

547 1136 661 1173 flores
698 1147 771 1172 tres
809 1146 875 1172 aut
914 1145 1082 1186 quatuor
1117 1134 1466 1185 hermaphroditos
1508 1134 1548 1170 in
1588 1134 1725 1171 eadem
1759 1133 1908 1184 spicula
1937 1133 2067 1169 ferunt
2088 1163 2096 1176 ,
2120 1147 2209 1170 cum

548 1196 709 1233 floribus
739 1208 910 1247 quatuor
932 1195 1109 1233 masculis
1130 1195 1366 1232 verticillatis
1392 1205 1428 1233 et
1454 1195 1655 1232 nonnullis
1679 1194 1922 1244 pedicellatis
1939 1223 1947 1236 7
1972 1193 2022 1230 ad
2041 1192 2208 1230 Anthis-

547 1257 673 1294 tisiam
706 1268 837 1294 tamen
868 1271 951 1293 non
982 1256 1242 1299 revocandae,
1268 1255 1388 1292 unico
1423 1256 1518 1292 flore
1555 1254 1886 1305 hermaphrodito
1928 1253 2091 1290 centrali
2127 1254 2204 1291 dis..

550 1318 726 1355 tinctam.
769 1318 925 1354 Summa
953 1317 1155 1366 utriusque
1189 1316 1338 1365 generis
1370 1315 1548 1352 affinitas.

603 1409 784 1445 FLOREM
804 1407 962 1444 unicum
979 1406 1270 1457 pedicellatum,
1290 1406 1529 1456 quandoque
1547 1416 1620 1443 tres
1639 1405 1856 1443 observavi.
1880 1405 2044 1457 Calyces
2065 1419 2211 1443 mascu-

550 1472 678 1508 lorum
698 1469 908 1507 exteriores
929 1481 1221 1518 nonnunquam
1249 1467 1439 1516 biglumes
1461 1478 1497 1503 et
1517 1467 1679 1504 stamina
1697 1467 1738 1503 in
1758 1466 1995 1517 quibusdam
2017 1468 2209 1504 abortiva.

607 1560 673 1597 AD
696 1573 816 1610 genus
834 1559 1105 1596 Anthistiriam
1122 1558 1333 1609 pertinent.
1348 1556 1581 1594 Anthistiria
1594 1557 1800 1594 imberbis.
1819 1557 1924 1593 Retz.
1942 1557 2042 1593 Obs.
2056 1556 2213 1594 Andro-

552 1637 687 1676 pogon
716 1633 952 1674 prostratum
986 1621 1072 1656 Lin.
1102 1620 1229 1656 Mant.
1260 1629 1296 1655 et
1315 1617 1550 1655 Anthistiria
1575 1617 1700 1655 ciliata
1728 1618 1813 1654 Lin.
1842 1618 1911 1653 Fil.
1939 1617 2074 1668 Suppl.
2092 1648 2099 1661 ,
2124 1632 2210 1669 que

553 1685 691 1722 eadem
714 1683 857 1735 species
880 1697 922 1719 ac
943 1681 1224 1732 Andropogon
1245 1691 1387 1717 nutans
1411 1679 1498 1716 Lin.
1521 1679 1648 1716 Mant.
1673 1690 1709 1716 et
1735 1677 2017 1728 Andropogon
2050 1680 2211 1729 quadri-

553 1746 664 1783 valve
696 1745 785 1782 Lin.
819 1744 917 1796 Syst.
947 1743 1086 1792 Veget.

743 1850 1321 1891 ANTHISTIRIA
1393 1849 1742 1888 GLAUCA.
1802 1847 2030 1896 Tab.254.

556 1959 854 1998 ANTHISTIRIA
881 1957 1010 1993 culmo
1036 1969 1192 1992 ramoso
1211 1985 1219 1998 ,
1249 1968 1478 2005 compresso
1502 1969 1512 1998 ς
1542 1954 1724 2005 panicula
1756 1955 1841 1991 laxa
1868 1969 1878 1998 ς
1910 1954 2042 2003 glumis
2064 1954 2211 1992 imber-

613 2021 729 2058 bibus
752 2035 762 2065 ς
797 2019 911 2056 arista
938 2019 1089 2055 inferne
1113 2017 1246 2054 villosa
1264 2047 1272 2060 ⁷
1300 2016 1529 2065 geniculata.

557 2082 663 2134 Stipa
694 2081 873 2132 paleacea
892 2094 902 2124 3
924 2080 1046 2116 aristis
1082 2078 1272 2115 contortis
1292 2108 1299 2121 ,
1328 2076 1581 2118 tomentosis‚
1613 2076 1742 2127 calyce
1779 2074 1902 2112 multo
1939 2076 2213 2125 longioribu53

617 2142 752 2193 glumis
777 2140 1097 2178 subfasciculatis.
1125 2141 1259 2177 Poirct.
1285 2141 1377 2176 ltin.
1409 2151 1444 2176 Ω.
1465 2146 1501 2187 p.
1524 2149 1612 2174 101.

558 2205 665 2256 Stipa
695 2204 911 2255 paleacca3
944 2201 1066 2239 aristis
1103 2201 1346 2244 seminudis3
1377 2199 1560 2250 panicula
1594 2197 1760 2248 simplici
1788 2213 1798 2243 ς
1830 2198 1929 2235 foliis
1960 2198 2180 2236 convolutis
2206 2229 2214 2243 ,

613 2264 801 2302 subulatis
823 2294 831 2308 ,
859 2264 961 2301 intus
991 2262 1314 2314 pubescentibus.
1350 2262 1449 2299 Valzl.
1471 2261 1585 2310 Symb.
1610 2271 1645 2297 2.
1667 2268 1704 2308 p.
1726 2271 1789 2305 24.

613 2377 805 2412 RADICES
822 2375 948 2424 longae
963 2405 970 2418 ‚
996 2383 1180 2410 tortuosae
1199 2403 1207 2416 ,
1227 2372 1439 2409 filiformes.
1461 2368 1622 2409 Culmus
1643 2370 1740 2417 3--7
1764 2370 1963 2408 decimetr.
1984 2401 1992 2415 ,
2016 2383 2190 2408 ramosus
2204 2400 2212 2414 ,

561 2437 689 2480 laevis⁷
721 2436 895 2472 nodosus
917 2465 924 2477 ,
956 2434 1038 2472 basi
1060 2447 1159 2484 saepe
1191 2433 1447 2482 geniculatus.
1481 2433 1586 2469 Folia
1618 2433 1750 2481 glauca
1771 2462 1779 2475 ‚
1809 2433 1961 2468 inferne
1982 2433 2213 2483 plerumque

561 2497 714 2539 cibata,
754 2495 1007 2533 canal'1culata
1025 2525 1033 2537 ,
1070 2506 1176 2541 2-4
1207 2493 1414 2531 millimetr.
1438 2494 1514 2530 lata
1533 2525 1541 2537 7
1567 2494 1712 2530 laeviter
1740 2494 1884 2531 striata.
1921 2493 2072 2542 Vagina
2105 2505 2212 2528 com-

563 2569 694 2607 pressa
707 2586 714 2599 ,
738 2556 974 2593 internodiis
993 2555 1163 2593 brevior.
1184 2555 1368 2592 Panicula
1387 2555 1485 2591 laxa.
1506 2553 1688 2591 Fasciculi
1707 2554 1846 2591 florum
1865 2555 1948 2591 duo
1974 2553 2022 2589 ad
2044 2552 2214 2602 quinque

560 2616 601 2653 in
622 2616 855 2668 pedunculis
873 2616 1114 2661 axilhribus,
1138 2615 1384 2654 filiformibus
1400 2645 1409 2660 ,
1427 2615 1558 2653 culmo
1579 2615 1761 2654 admotis.
1780 2616 1974 2653 Foliolum
1993 2613 2184 2663 vaginans
2203 2643 2212 2657 ,
