2419 3212
604 256 1110 292 POLYGAMIA
1200 255 1635 292 TR1oEc1A.
1840 249 1936 308 397

353 373 485 410 CONF.
505 374 696 412 Bernarcl.
720 377 832 412 Mem.
857 388 916 412 sur
936 375 1061 413 l'Hist.
1086 375 1179 414 Nat.
1201 376 1249 411 du
1275 375 1432 422 Figuier.
1448 362 1614 427 Journal
1643 374 1684 409 de
1702 373 1802 422 Plzys.
1831 375 1946 420 1786.

299 447 334 472 Ω.
358 443 396 484 j).
421 433 490 481 45,
523 440 553 472 et
578 438 689 472 Μόνη.
717 444 809 484 pour
828 439 937 473 servir
961 438 981 472 ὰ
1005 436 1130 473 l'Hist.
1157 436 1250 474 Nat.
1280 436 1320 471 (le
1350 437 1386 471 la
1417 436 1592 471 Pro-venre
1611 464 1619 477 ‚
1651 438 1741 470 tome
1778 445 1809 471 1.
1847 434 1944 472 Sen-

295 495 456 532 tentiam
478 497 703 533 Pontederze
735 508 771 533 et
797 497 946 533 Linnaei
967 497 1013 534 de
1036 496 1324 547 caprificatione
1349 494 1501 532 invictis
1525 495 1662 532 refellit
1683 496 1918 545 argumentis
1935 527 1943 540 ‚

293 555 575 606 contenditque
599 558 748 593 Insecta
771 557 928 593 Ficuum
955 558 1197 608 sylvestrium
1223 557 1301 593 sive
1328 555 1634 606 caprificantium
1654 586 1662 599 ‚
1687 571 1780 607 quas
1803 557 1940 595 incolae

291 617 537 654 orientalium
560 617 764 666 regionum
783 630 900 667 supra
922 617 1030 653 Ficus
1055 618 1173 654 cultas
1197 617 1390 654 mediante
1412 617 1477 654 filo
1496 619 1744 669 suspendunt
1763 649 1770 662 ‚
1795 619 1943 656 foecun-

288 678 489 715 dationem
519 691 602 714 non
628 690 865 728 promovere
885 707 892 719 ,
925 676 1116 726 siquidem
1137 677 1366 714 staminibus
1385 689 1421 715 et
1439 679 1589 729 pistillis
1615 693 1723 729 :eque
1743 694 1785 716 ac
1804 681 1942 731 sylves-

290 749 363 776 tres
388 739 613 782 donantur,
649 749 686 775 et
715 737 870 774 easdem
899 737 1057 773 arbores
1092 748 1232 787 sponte
1267 739 1412 776 fructus
1450 750 1620 776 maturos
1654 741 1752 777 ferre
1788 741 1936 791 absque

289 799 587 849 caprificationis
619 798 831 841 beneficio‚
856 798 958 834 hanc
982 797 1143 833 demum
1166 799 1436 848 operationem
1460 831 1467 843 ,
1501 800 1594 837 olim
1617 800 1659 836 in
1692 801 1801 837 Italia
1824 802 1935 839 fami-

288 859 447 903 liarem,
474 860 592 896 hodie
638 860 865 909 neglectam.
908 859 1060 895 Fatetur
1091 869 1218 895 tamen
1254 870 1390 895 auctor
1424 861 1573 897 Insecta
1605 860 1763 897 Ficuum
1799 862 1940 912 sylves-

286 920 422 963 trium,
452 921 682 958 domesticas
715 921 933 972 pungendo
959 931 994 957 et
1017 919 1223 956 subeundo
1250 920 1509 957 maturitatem
1541 921 1755 958 accelerare
1783 952 1790 965 ‚
1827 936 1935 972 :eque

285 993 330 1017 ac
365 981 528 1018 Vermes
564 981 604 1017 in
635 981 793 1018 diversis
827 980 1014 1017 fructibus
1052 979 1273 1017 nidulzmtes
1295 1010 1302 1023 ,
1334 991 1370 1018 et
1412 982 1548 1019 eadem
1580 983 1628 1019 de
1668 996 1784 1019 causa
1830 983 1937 1020 Ficus

284 1040 325 1076 in
351 1041 586 1091 quibusdam
614 1041 911 1078 circumstantiis
935 1041 1123 1092 majorem
1147 1042 1343 1078 fructuum
1372 1043 1586 1080 ubertatem
1611 1044 1828 1094 producere
1851 1058 1933 1081 non

281 1102 521 1140 adversatur.
566 1104 647 1152 Ego
677 1103 717 1139 in
740 1102 926 1139 Barbaria
958 1103 1065 1138 Ficus
1092 1101 1331 1152 caprificatas
1351 1113 1386 1139 et
1405 1117 1486 1139 non
1511 1103 1750 1153 caprificatas
1787 1106 1933 1143 fructus

283 1163 380 1200 ferre
420 1174 645 1201 constanter
679 1163 896 1200 observavi.
951 1164 1045 1200 Haec
1083 1163 1263 1212 operatio
1300 1165 1566 1215 antiquissima
1604 1180 1624 1202 a
1655 1167 1934 1217 Theophrasto

284 1224 481 1275 descripta
513 1225 614 1262 Hist.
646 1226 700 1262 Pl.
738 1225 762 1261 l.
793 1237 827 1262 2.
859 1240 890 1261 c.
917 1238 938 1274 9
958 1255 965 1268 ,
996 1236 1033 1262 et
1059 1240 1081 1262 a
1107 1225 1230 1262 Plinio
1258 1225 1357 1262 Hist.
1381 1226 1470 1262 Nat.
1499 1227 1524 1262 l.
1554 1224 1614 1263 15.
1635 1241 1667 1263 c.
1699 1239 1757 1274 19.
1777 1257 1784 1271 ,
1808 1239 1935 1278 poste-

282 1284 527 1335 rioribusque
568 1284 811 1336 temporibus
859 1284 1016 1323 diversis
1049 1287 1285 1335 argumentis
1317 1286 1548 1324 confirmata
1583 1287 1931 1333 aTournefortio,

283 1344 478 1382 Godeheu
500 1375 507 1388 ,
529 1346 748 1383 Pontedera
765 1375 772 1388 ,
807 1346 969 1384 Linnaeo
998 1357 1035 1385 et
1064 1347 1158 1384 aliis.

336 1444 544 1480 PLURIMAE
572 1443 732 1481 Ficuum
768 1445 969 1482 varietates
1003 1446 1043 1482 in
1072 1446 1266 1483 Barbaria
1292 1446 1474 1484 coluntur
1503 1477 1510 1490 ‚
1547 1446 1676 1498 ibique
1701 1448 1860 1498 optimae
1896 1460 1932 1487 et

281 1504 440 1541 maximi
473 1505 577 1542 usus.
603 1506 749 1556 Magna
778 1508 890 1558 copia
912 1507 1121 1558 quotannis
1145 1508 1214 1545 soli
1244 1508 1397 1545 ardenti
1431 1508 1674 1545 exsiccantur
1708 1522 1753 1546 ex
1790 1511 1930 1561 quibus

281 1578 369 1602 cum
395 1565 534 1604 incolis
557 1578 593 1603 et
618 1567 808 1606 extraneis
834 1569 1118 1608 mercatoribus
1148 1583 1332 1619 magnum
1355 1569 1396 1607 fit
1423 1571 1718 1608 commercium.
