2419 3212
825 239 1354 276 APPENDIX.
1815 242 1910 298 443

458 340 646 374 Permansit
672 342 742 375 sine
770 344 865 387 prole
888 343 966 381 diu,
987 344 1056 376 sine
1084 344 1247 379 fructibus
1273 347 1373 379 arbor

565 397 732 442 Utraque⁷
754 398 924 433 frondosis
953 409 983 432 et
1009 399 1079 432 siue
1107 400 1201 445 fruge
1230 402 1349 434 comis.

456 451 517 485 Ast
541 462 725 497 postquam
753 456 887 499 patulos
916 455 1078 489 fuderunt
1105 456 1241 489 brachia
1268 468 1401 494 ramos,

573 507 716 551 Coepere
746 520 777 542 et
803 511 889 542 coelo
915 511 1069 543 liberiore
1097 509 1187 548 frui,

456 564 693 609 Frondosique
718 566 826 609 apices
858 578 891 598 se
916 577 1141 610 conspexere,
1162 567 1295 611 virique

501 660 505 661 ⁷
562 619 620 651 Illa
648 620 699 652 sui
724 621 858 659 vultus,
879 621 1035 665 conjugis
1058 622 1113 654 ille
1143 633 1231 660 sure,

454 673 604 706 Hausere
635 684 666 707 et
694 675 861 708 blandum
889 677 982 708 venis
1010 676 1200 709 sitientibus
1224 677 1360 720 ignem,

560 728 704 772 Optatos
738 730 838 763 foetus
864 740 983 775 sponte
1016 731 1119 763 tulere
1148 732 1233 763 sua:

455 784 632 818 Ornarunt
656 798 768 820 ramos
796 787 960 831 gemmiS,
982 786 1134 819 mirabile
1161 787 1278 824 dictu,

558 840 745 885 Implcvere
771 854 851 876 suos
883 843 980 876 melle
1012 842 1163 887 liquente
1193 841 1298 875 favos.

310 965 526 1001 PHOEN1CIS
548 966 707 1003 masculi
725 966 838 1004 flores
856 967 1021 1004 odorem
1040 964 1314 1017 spermaticum
1331 964 1613 1004 vividissimum
1629 969 1744 1019 longe
1755 970 1905 1023 lateque

253 1037 455 1075 spargunt,
471 1037 506 1064 et
519 1041 600 1063 non
622 1027 764 1064 mirum
784 1028 813 1064 si
832 1027 998 1064 foeminae
1015 1041 1033 1064 e
1051 1027 1283 1077 longinquo,
1302 1028 1479 1079 zephyris
1502 1029 1736 1075 faventibus,
1756 1032 1905 1070 foecun-

252 1085 334 1122 dari
347 1087 512 1137 possint.
528 1088 710 1125 Odorem
721 1087 955 1125 simillimum
967 1085 1323 1137 diffunduntFagus
1333 1092 1741 1135 castanea‚Ceratonia
1750 1093 1901 1144 siliqua,

251 1146 484 1185 Berberides
500 1179 508 1192 ‚
523 1149 630 1186 Rhea
642 1180 650 1193 ‚
667 1148 876 1186 Ailanthus
907 1149 1159 1199 glandulosa‚
1180 1150 1386 1188 Lawsonia
1401 1151 1562 1189 inermis
1578 1183 1585 1196 ‚
1604 1164 1675 1190 etc.
1709 1154 1903 1202 Quinimo

250 1207 354 1246 idem
390 1211 604 1261 percipitur
642 1210 755 1248 etiam
792 1211 834 1247 in
863 1210 1074 1262 pollinibus
1106 1210 1273 1248 collectis
1321 1222 1356 1248 et
1388 1214 1603 1263 aggregatis
1642 1214 1902 1265 plurimarum

249 1270 533 1318 graminearum
551 1302 559 1315 ‚
579 1271 903 1322 compositarum,
921 1271 1273 1315 umbelliferarum‚
1291 1273 1640 1322 leguminosarum‚
1661 1275 1901 1327 aliarumque

247 1330 475 1380 plantarum
493 1361 500 1374 ‚
523 1343 566 1368 ut
601 1332 843 1383 experiendo
870 1332 1003 1370 didici.
1035 1334 1129 1370 Haec
1162 1347 1264 1371 nova
1294 1345 1329 1371 et
1352 1334 1530 1373 miranda
1560 1336 1662 1373 inter
1688 1337 1841 1387 plantas
1864 1349 1901 1376 et

247 1391 464 1429 animantes
486 1393 685 1442 analogia,
705 1404 850 1430 naturae
877 1404 1140 1431 scrutatorum
1164 1394 1434 1445 imprimisque
1463 1397 1759 1448 Chymistarum
1782 1409 1901 1436 atten-

247 1452 352 1490 tione
383 1453 608 1502 dignissima
633 1453 725 1490 mihi
750 1454 915 1491 omnino
945 1454 1112 1492 videtur.

301 1549 539 1588 AUTUMNO
562 1550 721 1602 Dactyli
739 1549 988 1600 colliguntur.
1014 1550 1138 1602 Supra
1161 1553 1308 1591 Palmas
1326 1555 1520 1592 scandunt
1538 1554 1752 1592 Palmicolae
1770 1555 1894 1592 mani-

246 1613 317 1650 bus
332 1612 580 1664 pedibusque
603 1611 813 1648 innitentes
838 1612 1063 1650 Palmarum
1086 1614 1293 1665 pollicibus
1318 1616 1506 1666 gradatim
1529 1616 1805 1660 confertis‚vel
1820 1629 1896 1668 ope

245 1674 348 1711 funis
369 1674 457 1725 qui,
477 1672 782 1711 extremitatibus
807 1673 919 1710 simul
940 1672 1100 1711 firmiter
1123 1677 1362 1721 constrictis,
1380 1677 1568 1715 circulum
1590 1675 1768 1715 efformat
1787 1688 1895 1714 trun-

243 1748 331 1772 cum
349 1735 498 1773 arboris
515 1734 796 1786 hominemque
816 1745 922 1772 extus
938 1734 1038 1773 infra
1055 1737 1240 1775 humeros
1258 1739 1339 1775 laxe
1358 1739 1603 1788 cingentem3
1619 1751 1709 1776 tunc
1726 1738 1893 1789 pedibus

243 1805 381 1832 trunco
398 1795 537 1832 innixis
551 1825 559 1838 ,
581 1796 713 1832 funem
737 1806 899 1845 utraque
922 1809 1043 1832 manu
1070 1799 1362 1848 apprehensum
1376 1829 1384 1844 ‚
1403 1800 1545 1838 iteratis
1563 1800 1716 1838 vicibus
1741 1812 1891 1837 sursum

240 1856 450 1908 projiciens
468 1885 475 1899 ‚
500 1856 595 1893 mira
622 1855 851 1907 pernicitate
884 1856 1054 1894 Palmam
1080 1858 1235 1897 evincit.
1256 1912 1259 1914 Β

295 1953 493 1988 FRUCTUS
523 1952 673 1989 collecti
703 1951 742 1987 in
774 1963 906 2003 sporta
927 1953 1183 2004 deponuntur
1205 1969 1324 2006 quam
1350 1955 1544 1993 mediante
1569 1956 1661 1993 fune
1685 1956 1724 1992 in
1750 1967 1889 1994 terram

239 2013 434 2049 deferunt.
478 2011 662 2062 Spadices
696 2011 810 2048 etiam
836 2012 976 2062 integri
1010 2025 1046 2050 et
1080 2009 1267 2053 fructibus
1301 2018 1436 2054 onusti
1472 2018 1763 2055 rescinduntur.
1806 2018 1886 2055 Alii

236 2073 427 2124 Dactylos
453 2086 569 2122 supra
594 2083 739 2124 tapetes
768 2083 946 2110 extensos
973 2085 1038 2111 aut
1064 2088 1180 2126 supra
1216 2077 1339 2114 solum
1364 2078 1597 2129 projiciunt,
1616 2079 1683 2116 sed
1702 2078 1738 2130 si
1767 2079 1887 2116 arbor

237 2134 410 2176 excelsa,
433 2144 692 2171 conteruntur
724 2144 761 2171 et
796 2136 963 2171 formam
992 2136 1190 2175 amittunt.
1230 2138 1374 2176 Pluries
1410 2139 1450 2175 in
1484 2140 1632 2176 Palmas
1667 2140 1886 2178 ascendunt

236 2206 357 2247 prout
375 2206 641 2232 maturescunt
657 2196 816 2234 fructus.
849 2198 1109 2249 Dactylorum
1126 2199 1350 2237 collectores
1372 2214 1473 2251 srepe
1493 2201 1710 2250 gravissime
1730 2201 1880 2238 laedun-

235 2268 297 2294 tur
323 2256 443 2307 spinis
463 2256 704 2293 validissimis
723 2271 808 2307 quae
831 2257 1012 2309 utrinque
1035 2272 1054 2296 e
1078 2260 1315 2310 petiolorum
1336 2272 1444 2312 parte
1469 2262 1644 2300 inferiori
1664 2273 1879 2312 emergunt.

232 2318 389 2369 Dactyli
412 2330 481 2368 per
509 2317 657 2368 aliquot
682 2318 762 2355 dies
800 2317 840 2355 in
877 2319 955 2356 sole
992 2320 1210 2365 siccantur,
1244 2322 1386 2360 deinde
1416 2324 1671 2361 recluduntur
1693 2324 1732 2360 in
1758 2323 1879 2361 canis-

235 2379 299 2416 tris
325 2393 370 2416 ex
398 2379 497 2416 foliis
521 2380 738 2416 Palmarum
760 2381 952 2417 contextis
973 2381 1035 2417 vel
1058 2381 1097 2417 in
1122 2383 1286 2432 pellibus
1318 2384 1449 2422 ovium
1470 2399 1554 2435 quse
1582 2399 1682 2436 saepe
1708 2386 1875 2423 odorem

234 2451 271 2476 et
294 2453 474 2490 saporem
494 2440 687 2489 ingratum
708 2441 946 2492 quandoque
966 2455 1201 2480 nauseosum
1226 2446 1534 2483 communicant.
1560 2446 1598 2483 A
1619 2446 1757 2498 pluviis
1780 2461 1878 2483 non-

233 2514 438 2552 nunquam
460 2502 669 2546 laeduntur,
685 2503 949 2554 vermiumque
965 2505 1165 2554 puncturis
1182 2506 1345 2544 obnoxii
1357 2519 1447 2545 sunt
1459 2538 1467 2553 ,
1486 2519 1522 2546 et
1540 2509 1569 2547 si
1585 2508 1682 2546 male
1700 2506 1875 2547 exsiccati

233 2575 532 2603 CORI‘CCI'VantUI‘
548 2594 556 2608 ‚
580 2576 762 2603 acescunt
786 2576 824 2603 et
848 2576 1090 2617 putrescunt·
