2419 3212
532 261 630 318 432
868 267 1477 304 CRYPTOGAMIA
1573 270 1835 306 FuNoi.

532 368 757 419 adpress05‚
791 365 1024 415 inaequales,
1052 365 1220 402 alternos
1259 363 1491 400 emittentes.
1522 365 1616 402 Haec
1650 367 1795 417 species
1825 367 1981 405 ramulis
2015 371 2171 420 capilla-

532 428 639 465 ribus
661 457 668 469 ,
699 425 810 462 fuscis
831 456 838 469 ,
872 424 1196 462 numerosissimis
1216 454 1224 467 ,
1258 424 1298 459 in
1321 423 1522 460 fasciculos
1555 428 1745 476 congestis
1785 429 1893 465 facile
1918 429 2172 478 dignoscitur.

532 486 737 525 Barrelieri
759 516 767 528 ,
803 486 980 522 Bocconi
1022 496 1057 523 et
1098 485 1293 522 Pluknetii
1329 485 1467 522 leones
1509 487 1772 526 excludendas
1807 490 1912 527 volui
1941 521 1949 533 ,
1986 490 2177 541 siquidem

534 549 710 599 plantam
737 547 798 583 hic
824 558 1077 584 memoratam
1110 547 1206 584 male
1230 557 1522 598 repraesentant.

589 634 779 669 CRESCIT
809 632 850 669 in
881 645 987 669 mare
1015 645 1131 683 supra
1151 632 1313 683 lapides.

584 1151 651 1187 N³.
687 1150 827 1189 FUNGI
860 1152 912 1189 sic
936 1151 1122 1204 appellati
1157 1151 1210 1188 ob
1234 1160 1411 1188 naturam
1439 1149 1668 1200 plerumque
1701 1149 1855 1186 mollem
1884 1159 1921 1186 et
1946 1150 2174 1200 fungosam,

528 1225 551 1247 a
578 1211 720 1261 plantis
746 1213 902 1264 reliquis
933 1214 985 1250 ita
1008 1213 1151 1250 diversi
1173 1223 1215 1251 ut
1238 1210 1423 1249 nonnulli
1444 1222 1620 1261 auctores
1642 1212 1742 1249 inter
1763 1212 1993 1261 vegetabilia
2016 1213 2176 1249 eosdem

530 1286 787 1311 annumerare
826 1286 1017 1311 recusent.
1052 1274 1164 1311 Foliis
1191 1273 1363 1311 destituti
1393 1286 1551 1315 omnes,
1587 1273 1767 1310 ordinem
1794 1274 2015 1310 naturalem
2043 1287 2178 1310 nume-

525 1333 764 1370 rosissimum
787 1336 1044 1373 constituunt.
1083 1336 1230 1372 Colore
1248 1366 1256 1379 ,
1286 1335 1430 1377 formai,
1455 1334 1724 1383 magnitudine
1740 1365 1747 1378 ‚
1779 1338 1927 1372 textura
1947 1364 1954 1377 ,
1990 1335 2173 1385 proprie-

529 1395 671 1431 tatibus
703 1396 819 1445 longe
848 1397 1000 1434 diversi.
1025 1396 1243 1439 Araneosi„
1282 1396 1486 1445 gelatinosi
1510 1425 1518 1439 ‚
1540 1395 1693 1444 fungosi
1720 1426 1727 1438 ,
1761 1386 1936 1433 sul-»orosi
1970 1407 2034 1432 aut
2070 1394 2178 1445 quasi

528 1456 669 1505 lignosi
693 1486 700 1499 ‚
733 1458 878 1494 sessiles
911 1468 975 1495 aut
996 1458 1283 1508 pedunculati3
1323 1456 1550 1508 pedunculo
1580 1457 1743 1508 simplici
1773 1457 1834 1493 vel
1862 1471 2017 1494 ramoso
2040 1487 2048 1500 ‚
2082 1470 2178 1493 cavo

527 1517 588 1555 vel
617 1517 768 1561 solid03
790 1518 919 1569 pileati
947 1530 1011 1556 aut
1031 1520 1134 1570 pileo
1155 1519 1349 1562 destituti,
1372 1518 1467 1556 nudi
1486 1528 1551 1554 aut
1570 1532 1588 1554 e
1606 1519 1721 1556 volva
1752 1530 1998 1570 erumpentes
2013 1548 2020 1561 ,
2044 1518 2179 1554 lamel-

527 1578 620 1621 losi,
650 1579 806 1629 porosi‚
835 1580 1027 1623 echinati,
1060 1578 1240 1631 papillosi
1259 1611 1266 1622 ,
1297 1580 1511 1625 reticulati‚
1542 1580 1737 1623 lacunosi,
1762 1580 1908 1623 lobati,
1936 1578 2139 1616 cancellati
2169 1606 2176 1620 ,

527 1639 814 1690 scyphiformes
832 1671 839 1683 ,
869 1640 1156 1692 campanulati,
1184 1640 1337 1690 globosi
1361 1652 1432 1678 etc.
1474 1642 1632 1679 Plurimi
1662 1641 1853 1692 parasitici
1873 1671 1881 1683 ,
1917 1640 2026 1676 multi
2062 1652 2179 1689 supra

530 1710 692 1744 terram⁷
711 1702 896 1738 nonnulli
925 1702 965 1738 in
996 1702 1190 1753 speluncis
1221 1702 1361 1739 abditis
1391 1713 1427 1740 et
1465 1703 1779 1754 profundissimis
1806 1703 1966 1745 vivunt,
1995 1711 2061 1737 aut
2095 1699 2179 1750 ipsa

529 1764 627 1797 terra
648 1762 854 1798 reconditi.
881 1761 1080 1799 Omnibus
1105 1762 1199 1799 anni
1220 1764 1512 1813 tempestatibus
1531 1765 1597 1802 sed
1618 1764 1830 1815 praesertim
1855 1774 2045 1801 autumno
2063 1762 2179 1798 sobo-

526 1822 690 1858 lesc'unt.
720 1824 861 1861 Totius
884 1825 989 1860 orbis
1016 1824 1152 1860 incolae
1173 1855 1181 1867 ‚
1216 1834 1386 1861 attamen
1412 1825 1453 1861 in
1488 1826 1716 1875 regionibus
1751 1825 1970 1876 temperatis
1994 1825 2176 1872 frequen-

530 1883 655 1919 tiores.
686 1884 851 1933 Organa
883 1886 1049 1921 sexualia
1081 1886 1260 1922 nundum
1287 1885 1372 1922 fidis
1396 1887 1737 1924 observationibus
1766 1885 2007 1922 confirmata.
2038 1883 2178 1919 Pulve-

530 1957 611 1980 rem
635 1944 891 1994 producunt,
924 1945 964 1980 in
997 1945 1170 1994 plurimis
1203 1945 1352 1982 elastice
1386 1947 1638 1983 dissilientem
1662 1977 1669 1989 ‚
1702 1947 1767 1997 qui
1807 1958 1912 1984 terrae
1948 1945 2176 1981 commissus

529 2007 719 2055 germinat
744 2016 780 2042 et
808 2006 963 2056 prolem
999 2006 1110 2042 matri
1142 2005 1306 2042 similem
1338 2008 1499 2057 profert.
1533 2007 1597 2044 An
1628 2021 1718 2044 vera
1748 2007 1916 2049 semina,
1936 2020 1984 2042 an
2011 2003 2175 2046 surculi,

530 2067 713 2103 nondum
747 2078 854 2103 certo
893 2077 1058 2103 constat.
1091 2066 1250 2103 Plurimi
1284 2067 1360 2103 cito
1393 2080 1618 2119 putrescunt
1653 2081 1689 2105 et
1726 2078 1994 2109 evanescunt,
2018 2065 2176 2115 quidam

530 2128 678 2171 edules,
705 2127 813 2164 multi
840 2138 938 2164 tetro
961 2140 1116 2164 veneno
1149 2138 1330 2177 turgent,
1356 2131 1537 2166 nonnulli
1555 2129 1730 2166 tincturis
1747 2140 1783 2166 et
1800 2127 2002 2170 medicinis
2029 2124 2174 2163 idonei.

527 2188 764 2225 Insectarum
782 2189 980 2226 domicilia
1000 2200 1036 2226 et
1054 2189 1308 2227 nutrimenta.

583 2284 762 2335 Plerique
787 2285 868 2323 Gas
896 2286 1195 2336 hydrogeneum
1221 2286 1414 2323 exhalant.
1439 2286 1650 2324 Humbolt.
1679 2285 1734 2322 Fl.
1758 2283 1930 2331 Friberg.
1961 2291 2048 2328 174.

1035 2458 1659 2505 AGARICUS.

593 2620 790 2675 FUNGUS
829 2624 1041 2676 stipitatus
1073 2636 1144 2665 aut
1178 2625 1356 2665 sessilis·
1398 2626 1518 2679 pileo
1554 2625 1705 2666 subtus
1741 2624 1980 2665 lamelloso.

1349 2659 1357 2674 7
