2419 3212
799 254 1322 293 APPENDIX.
1779 235 1876 294 445

289 368 414 404 SCAP1
443 365 645 417 spadicum
673 363 770 414 aqua
799 359 981 398 macerati
1005 370 1041 396 et
1062 372 1151 396 cum
1181 354 1323 392 malleis
1355 350 1538 394 contriti,
1562 349 1602 386 in
1622 360 1775 401 stupam
1796 363 1880 387 ver-

234 439 393 471 tuntur,
424 440 470 464 ex
505 441 580 477 qua
614 426 722 462 funes
756 434 793 460 et
823 422 1084 458 calceamenta
1120 417 1348 455 conficiunt.

291 515 447 551 FOLIA
476 510 636 562 juniora
667 507 850 544 nondum
880 505 1034 542 evoluta
1052 534 1059 547 ‚
1081 516 1166 553 quae
1189 513 1278 539 tunc
1304 498 1511 537 tenerrima
1541 505 1649 539 sunt,
1669 509 1756 532 cum
1780 495 1880 539 sale,

234 584 344 611 aceto
373 584 409 610 et
437 573 525 609 oleo
550 570 709 607 condita
742 561 904 618 optima.
939 564 1115 602 Medulla
1143 577 1210 600 seu
1240 559 1454 598 substantia
1476 557 1639 594 interior
1659 556 1881 593 Palmarum

228 636 433 686 juniorum
453 633 574 671 edulis
610 631 746 672 etiam,
776 638 811 664 et
835 639 974 676 sapore
1007 636 1114 674 grato
1148 623 1302 672 gaudet.

288 719 409 755 FILA
443 731 527 768 quae
561 715 742 764 utrinque
770 725 788 749 e
819 709 1060 762 petiolorum
1092 707 1175 745 basi
1206 705 1406 758 prodeunt
1435 705 1595 743 funibus
1626 702 1880 740 conficiendis

235 779 392 816 idonea.

290 864 357 899 Ex
391 860 543 913 petiolis
566 858 704 896 bacilla
733 866 871 908 parant
897 869 971 907 pro
992 853 1217 905 sepimentis
1241 853 1450 889 domorum
1472 860 1509 888 et
1527 850 1746 886 hortorum.
1779 849 1882 886 Cum

237 924 377 960 foliolis
407 923 509 972 aquai
541 918 738 957 maceratis
757 948 765 961 ,
790 928 933 968 tapetes
952 947 959 960 ⁷
984 916 1155 952 calathos
1178 914 1466 962 innumeraque
1495 923 1617 962 opera
1646 909 1788 947 textilia
1811 922 1881 960 per

237 995 356 1022 totam
388 982 611 1020 barbariam
642 978 951 1029 frequentissima
979 988 1016 1014 et
1046 976 1157 1014 valde
1188 975 1307 1012 utilia.

292 1071 472 1105 L1GNUM
513 1065 729 1102 Palmarum
765 1061 1019 1098 vetustiorum
1054 1059 1221 1097 solidum
1259 1069 1295 1095 et
1332 1058 1473 1094 durum
1495 1087 1503 1100 ,
1540 1056 1723 1093 domibus
1762 1054 1882 1092 :edifi-

237 1129 372 1167 candis
391 1126 550 1164 inservit
569 1124 742 1174 illudque
762 1123 982 1170 longaevum
1006 1132 1041 1158 et
1055 1120 1162 1171 quasi
1181 1131 1368 1157 aeternum
1389 1117 1594 1156 affirmant.
1620 1118 1740 1153 Lente
1758 1118 1882 1154 uritur

236 1191 382 1240 absque
409 1188 587 1229 flamma,
613 1185 680 1222 sed
710 1183 902 1221 carbones
927 1181 1198 1219 ardentissimi.

292 1275 497 1323 QUINIMO
536 1270 664 1320 liquor
697 1281 715 1305 e
748 1267 977 1304 Phoenicum
1009 1266 1154 1302 truncis
1187 1266 1363 1303 educitur
1397 1265 1462 1315 qui
1497 1265 1636 1301 Palmae
1664 1264 1722 1301 lac
1747 1263 1880 1315 appel-

234 1335 347 1371 latur.
382 1332 488 1368 Folia
516 1330 648 1367 omnia
672 1338 864 1369 resecant³
887 1327 1033 1363 sulcum
1063 1326 1287 1363 circularem
1312 1326 1430 1378 paulo
1457 1326 1559 1362 infra
1585 1325 1768 1362 verticem
1792 1338 1879 1361 cum

234 1394 375 1432 cutello
406 1403 586 1434 exarant,
610 1390 719 1426 sulco
747 1402 811 1425 vas
835 1387 1162 1430 accommodant,
1184 1398 1219 1424 et
1242 1401 1330 1423 cum
1359 1387 1449 1423 fune
1474 1386 1634 1434 ligatum
1660 1384 1879 1429 sustinent,

235 1453 379 1492 crebris
403 1451 658 1488 incisionibus
682 1459 797 1499 caput
820 1449 960 1485 Palmae
991 1448 1234 1484 denudatum
1259 1447 1429 1490 laedunt,
1450 1446 1592 1483 deinde
1620 1445 1719 1482 foliis
1749 1447 1879 1483 velant

235 1529 283 1552 ne
318 1529 339 1551 a
370 1513 448 1550 sole
484 1511 637 1549 ardenti
668 1510 892 1547 exsiccetur.
933 1507 1077 1544 Succus
1109 1520 1127 1544 e
1159 1506 1278 1558 plagis
1310 1506 1454 1542 stillans
1486 1506 1526 1541 in
1554 1505 1702 1542 sulcum
1733 1505 1817 1542 fluit
1844 1516 1880 1542 et

235 1590 255 1614 e
273 1576 380 1613 sulco
402 1576 441 1611 in
461 1588 539 1611 vas.
563 1573 697 1610 Dulcis
712 1602 719 1615 ,
739 1585 821 1607 non
838 1569 1075 1621 injucundus
1101 1579 1137 1605 et
1157 1567 1296 1604 coloris
1320 1566 1503 1603 nonnihil
1523 1565 1778 1602 lactescentis.
1802 1567 1877 1602 Pro

234 1648 333 1688 potu
362 1634 637 1683 aegrotantibus
668 1633 800 1674 datur⁷
821 1630 887 1667 sed
917 1630 1018 1666 intra
1044 1628 1179 1678 viginti
1205 1639 1373 1679 quatuor
1395 1628 1512 1664 horas
1536 1626 1773 1670 bibendum,
1801 1627 1878 1663 cito

237 1697 341 1734 enim
365 1695 521 1738 acessit,
544 1693 757 1744 praesertim
785 1691 813 1727 si
838 1700 1043 1740 tempestas
1065 1689 1201 1726 calida.
1238 1689 1440 1726 Phoenices
1464 1700 1588 1724 mares
1610 1698 1676 1724 aut
1699 1687 1878 1724 foeminas

234 1767 401 1794 vetustas
439 1766 476 1792 et
509 1754 663 1791 inutiles
700 1765 773 1803 pro
803 1750 1028 1801 operatione
1066 1760 1281 1787 memorata
1315 1750 1475 1800 eligunt.
1517 1748 1608 1786 Cito
1642 1748 1747 1784 enim
1779 1749 1880 1799 perit

234 1818 352 1854 arbor
381 1828 445 1854 aut
475 1817 609 1853 breves
632 1813 828 1864 protrahit
849 1825 989 1849 annos.

290 1902 359 1936 EX
383 1912 500 1949 supra
527 1896 748 1934 memoratis
777 1905 881 1946 patet
909 1895 1053 1932 nullam
1089 1896 1187 1932 forte
1220 1895 1291 1931 sub
1326 1896 1419 1932 caelo
1450 1895 1634 1932 arborem
1664 1894 1772 1944 cujus
1800 1904 1876 1930 tam

232 1961 346 1999 variae
381 1960 563 1997 utilitates
587 1969 624 1996 et
649 1971 733 2009 quae
762 1966 819 1993 tot
853 1956 1065 1993 commodis
1100 1955 1326 1993 hominibus
1356 1956 1538 1995 inserviat
1567 1968 1684 2006 quam
1713 1955 1901 1992 Phoenix>

235 2020 473 2071 dactylifera.
