2419 3212
797 233 1401 285 CLASSIS
1546 232 1861 282 XXIV.

631 534 1984 616 ‚CRYPTOGAMIA.

925 850 1732 918 FILICES.

976 1378 1693 1451 EQUISETUM.

510 1533 758 1625 FLORES
795 1580 948 1636 spicati
968 1614 977 1628 ,
1002 1577 1268 1620 terminales.
1307 1575 1435 1629 Spica
1462 1584 1606 1614 erecta
1624 1607 1632 1620 7
1659 1569 2005 1625 simplicissima,
2033 1581 2159 1608 cons-

508 1665 600 1695 tans
621 1651 808 1708 squamis
833 1649 1003 1705 peltatis
1019 1682 1027 1695 ,
1052 1643 1413 1687 horizontalibus.
1448 1642 1648 1696 Capsulae
1672 1640 1866 1694 quinque
1889 1638 1943 1677 ad
1965 1647 2133 1690 septem
2149 1669 2158 1682 ,

509 1722 736 1776 oblongae7
762 1734 784 1760 e
813 1729 938 1758 scuto
976 1727 1125 1756 ortum
1162 1714 1373 1753 ducentes
1408 1721 1449 1750 et
1485 1707 1683 1762 ejusdem
1721 1706 1930 1761 pediculo
1972 1704 2160 1744 circum-

508 1790 661 1847 positae
681 1823 690 1837 ,
715 1788 883 1843 polline
915 1784 1097 1839 turgidae
1117 1817 1126 1831 ,
1154 1782 1268 1821 intus
1294 1778 1584 1819 dehiscentes.

564 1886 634 1924 N².
673 1886 847 1922 CAULES
870 1879 1032 1923 nodosi,
1047 1877 1213 1930 aphylli,
1230 1874 1421 1914 articulati
1441 1888 1451 1917 ς
1475 1871 1643 1910 articulis
1666 1869 1844 1908 facillime
1867 1866 2159 1908 secedentibus,

510 1947 650 1998 vagina
677 1945 810 1988 tereti,
834 1941 1027 1980 multifida
1055 1951 1121 1976 aut
1150 1939 1307 1975 dentata
1339 1934 1535 1972 involutis.
1580 1932 1691 1968 Rami
1720 1929 1948 1967 verticillati.

565 2033 754 2069 SINGULA
790 2028 946 2081 pollinis
980 2039 1096 2078 supra
1132 2024 1223 2061 dicti
1256 2035 1374 2072 grana
1395 2050 1403 2063 ‚
1446 2016 1709 2068 microscopio
1743 2016 1951 2052 observata
1975 2044 1983 2057 ,
2021 2013 2162 2050 subro-

510 2095 676 2133 tundam
706 2092 870 2142 figuram
905 2088 1120 2131 exhibent3
1143 2085 1225 2123 basi
1259 2084 1507 2120 instruuntur
1545 2079 1673 2116 setulis
1717 2077 1836 2114 tribus
1871 2086 1935 2113 aut
1964 2086 2132 2125 quatuor
2155 2104 2163 2117 ,

511 2154 736 2208 pellucidis,
758 2152 868 2204 apice
892 2147 1280 2188 cochleariformibus
1299 2175 1307 2189 ,
1338 2155 1486 2181 summe
1517 2140 1680 2177 elasticis
1701 2170 1708 2183 ,
1728 2137 1934 2175 laevissimo
1957 2136 2063 2173 enim
2086 2135 2162 2172 oris

509 2216 633 2254 halitu
653 2247 660 2259 ‚
685 2214 815 2252 subito
839 2212 1128 2249 contrahuntur
1158 2220 1194 2245 et
1218 2205 1387 2259 repetitis
1412 2204 1571 2241 saltibus
1592 2216 1630 2238 se
1647 2201 1841 2252 jactitant.
1876 2198 1933 2235 Illi
1962 2208 2090 2234 motus
2114 2197 2163 2233 ab

508 2277 725 2314 irritatione
742 2272 946 2325 vegetabili
963 2285 1046 2308 non
1066 2270 1259 2322 pendent,
1272 2267 1338 2304 sed
1352 2267 1401 2303 ab
1423 2265 1506 2316 ipsa
1523 2263 1659 2313 organi
1678 2260 2008 2299 conformatione.
2033 2258 2165 2295 Pulve-

514 2352 594 2376 rem
612 2351 683 2390 per
697 2337 825 2389 plures
845 2346 994 2372 menses
1011 2341 1201 2369 servatum
1221 2327 1332 2367 simili
1347 2326 1468 2364 modo
1485 2323 1797 2362 contractibilem
1818 2319 2037 2359 observavi.

762 2441 1203 2495 EQUISETUM
1283 2433 1908 2476 RAMOSISSIMUM.

514 2559 773 2603 EQUISETUM
810 2556 914 2593 caule
949 2553 1079 2591 striato
1096 2583 1103 2596 ,
1129 2550 1392 2589 ramosissimo
1417 2563 1426 2592 ς
1454 2545 1566 2585 ramis
1603 2544 1758 2595 virgatis
1782 2574 1790 2588 ,
1814 2542 1950 2582 striatis
1969 2571 1977 2585 ‚
2001 2538 2133 2577 erectis
2154 2567 2161 2580 ,

571 2617 826 2659 verticillatis,
858 2616 965 2665 apice
997 2614 1189 2651 floriferis.
